,traveller_unique_ID,Passage_unique_ID,passage_timestamp,air_mode,referral_to_secondary_ind,location_code,loc_encode,last_90d_air_passage_count,last_90d_referral_count,last_90d_location_count
0,G,13762,2014-04-01T04:57:38Z,False,0,L2,1,0.0,0.0,0.0
1,G,13763,2014-04-01T13:24:51Z,False,0,L2,1,0.0,0.0,1.0
2,F,13764,2014-04-01T14:52:08Z,False,0,L1,0,0.0,0.0,0.0
3,G,13765,2014-04-01T18:59:01Z,False,0,L5,4,0.0,0.0,1.0
4,E,13766,2014-04-01T20:16:57Z,True,0,L3,2,0.0,0.0,0.0
5,J,13767,2014-04-01T20:51:33Z,False,0,L4,3,0.0,0.0,0.0
6,G,13768,2014-04-01T23:53:02Z,False,0,L3,2,0.0,0.0,2.0
7,F,13769,2014-04-02T00:11:22Z,False,0,L1,0,0.0,0.0,1.0
8,J,13770,2014-04-02T03:19:36Z,False,0,L3,2,0.0,0.0,1.0
9,D,13771,2014-04-02T03:49:42Z,True,0,L3,2,0.0,0.0,0.0
10,J,13772,2014-04-02T12:27:29Z,False,0,L4,3,0.0,0.0,2.0
11,G,13773,2014-04-02T13:38:22Z,False,0,L3,2,0.0,0.0,3.0
12,J,13774,2014-04-02T13:51:37Z,False,0,L2,1,0.0,0.0,2.0
13,F,13775,2014-04-02T14:55:11Z,False,0,L1,0,0.0,0.0,1.0
14,J,13776,2014-04-02T18:08:32Z,False,0,L4,3,0.0,0.0,3.0
15,F,13777,2014-04-02T18:16:08Z,False,0,L2,1,0.0,0.0,1.0
16,G,13778,2014-04-02T20:21:26Z,False,0,L6,5,0.0,0.0,3.0
17,J,13779,2014-04-02T21:30:12Z,False,0,L1,0,0.0,0.0,3.0
18,J,13780,2014-04-02T22:41:44Z,False,0,L4,3,0.0,0.0,4.0
19,E,13781,2014-04-03T01:09:35Z,True,0,L4,3,1.0,0.0,1.0
20,G,13782,2014-04-03T04:25:00Z,False,0,L2,1,0.0,0.0,4.0
21,G,13783,2014-04-03T04:55:29Z,False,0,L1,0,0.0,0.0,4.0
22,G,13784,2014-04-03T13:39:08Z,False,0,L6,5,0.0,0.0,5.0
23,F,13785,2014-04-03T14:58:02Z,False,0,L2,1,0.0,0.0,2.0
24,J,13786,2014-04-03T17:03:46Z,False,0,L1,0,0.0,0.0,4.0
25,E,13787,2014-04-03T19:41:54Z,True,0,L4,3,2.0,0.0,2.0
26,I,13788,2014-04-03T19:59:05Z,False,0,L1,0,0.0,0.0,0.0
27,B,13789,2014-04-03T22:33:17Z,True,0,L2,1,0.0,0.0,0.0
28,G,13790,2014-04-03T22:45:11Z,False,0,L4,3,0.0,0.0,5.0
29,F,13791,2014-04-03T23:20:17Z,False,0,L5,4,0.0,0.0,2.0
30,G,13792,2014-04-04T01:18:58Z,False,0,L3,2,0.0,0.0,6.0
31,J,13793,2014-04-04T12:23:38Z,False,0,L5,4,0.0,0.0,4.0
32,J,13794,2014-04-04T13:22:06Z,False,0,L1,0,0.0,0.0,5.0
33,F,13795,2014-04-04T14:51:32Z,False,0,L3,2,0.0,0.0,3.0
34,B,13796,2014-04-04T17:58:02Z,True,1,L1,0,1.0,0.0,1.0
35,J,13797,2014-04-04T19:00:10Z,False,0,L5,4,0.0,0.0,5.0
36,G,13798,2014-04-04T19:18:31Z,False,0,L1,0,0.0,0.0,6.0
37,J,13799,2014-04-04T21:33:41Z,False,0,L1,0,0.0,0.0,5.0
38,J,13800,2014-04-04T22:35:23Z,False,0,L2,1,0.0,0.0,5.0
39,G,13801,2014-04-04T22:42:39Z,False,0,L3,2,0.0,0.0,6.0
40,F,13802,2014-04-05T00:06:16Z,False,0,L1,0,0.0,0.0,4.0
41,I,13803,2014-04-05T00:07:45Z,False,0,L4,3,0.0,0.0,1.0
42,G,13804,2014-04-05T00:57:03Z,False,0,L1,0,0.0,0.0,6.0
43,D,13805,2014-04-05T03:47:42Z,True,0,L6,5,1.0,0.0,1.0
44,C,13806,2014-04-05T15:44:36Z,False,0,L4,3,0.0,0.0,0.0
45,F,13807,2014-04-05T17:19:49Z,False,0,L2,1,0.0,0.0,4.0
46,I,13808,2014-04-05T22:00:46Z,False,0,L2,1,0.0,0.0,2.0
47,F,13809,2014-04-05T22:40:18Z,False,0,L3,2,0.0,0.0,4.0
48,F,13810,2014-04-06T00:53:45Z,False,0,L6,5,0.0,0.0,4.0
49,E,13811,2014-04-06T01:11:41Z,True,0,L3,2,3.0,0.0,2.0
50,I,13812,2014-04-06T03:15:46Z,False,0,L1,0,0.0,0.0,3.0
51,F,13813,2014-04-06T17:24:20Z,False,0,L1,0,0.0,0.0,5.0
52,B,13814,2014-04-06T19:24:25Z,True,1,L1,0,2.0,1.0,2.0
53,F,13815,2014-04-06T19:47:31Z,False,0,L5,4,0.0,0.0,5.0
54,I,13816,2014-04-07T02:17:35Z,False,0,L1,0,0.0,0.0,3.0
55,J,13817,2014-04-07T09:23:57Z,False,0,L3,2,0.0,0.0,5.0
56,J,13818,2014-04-07T10:45:57Z,False,0,L3,2,0.0,0.0,5.0
57,J,13819,2014-04-07T11:44:30Z,False,0,L1,0,0.0,0.0,5.0
58,J,13820,2014-04-07T13:45:08Z,False,0,L1,0,0.0,0.0,5.0
59,F,13821,2014-04-07T14:51:56Z,False,0,L4,3,0.0,0.0,5.0
60,J,13822,2014-04-07T15:47:46Z,False,0,L3,2,0.0,0.0,5.0
61,E,13823,2014-04-07T18:03:09Z,True,0,L6,5,4.0,0.0,2.0
62,I,13824,2014-04-07T19:34:22Z,False,0,L5,4,0.0,0.0,3.0
63,J,13825,2014-04-07T21:34:44Z,False,0,L4,3,0.0,0.0,5.0
64,G,13826,2014-04-07T21:38:04Z,False,0,L5,4,0.0,0.0,6.0
65,F,13827,2014-04-07T22:13:53Z,False,0,L1,0,0.0,0.0,6.0
66,J,13828,2014-04-07T22:46:08Z,False,0,L1,0,0.0,0.0,5.0
67,G,13829,2014-04-07T23:51:41Z,False,0,L5,4,0.0,0.0,6.0
68,D,13830,2014-04-08T03:46:42Z,True,0,L3,2,2.0,0.0,2.0
69,J,13831,2014-04-08T12:28:53Z,False,0,L1,0,0.0,0.0,5.0
70,G,13832,2014-04-08T12:51:13Z,False,0,L1,0,0.0,0.0,6.0
71,J,13833,2014-04-08T13:48:06Z,False,0,L1,0,0.0,0.0,5.0
72,F,13834,2014-04-08T14:45:10Z,False,0,L1,0,0.0,0.0,6.0
73,B,13835,2014-04-08T15:15:54Z,True,1,L4,3,3.0,2.0,2.0
74,F,13836,2014-04-08T20:28:04Z,False,0,L1,0,0.0,0.0,6.0
75,G,13837,2014-04-08T20:30:03Z,False,0,L3,2,0.0,0.0,6.0
76,I,13838,2014-04-08T21:05:31Z,False,0,L1,0,0.0,0.0,4.0
77,E,13839,2014-04-08T21:20:09Z,True,0,L1,0,5.0,0.0,3.0
78,J,13840,2014-04-08T21:32:28Z,False,0,L4,3,0.0,0.0,5.0
79,G,13841,2014-04-08T23:05:02Z,False,0,L1,0,0.0,0.0,6.0
80,J,13842,2014-04-08T23:11:27Z,False,0,L4,3,0.0,0.0,5.0
81,F,13843,2014-04-09T00:17:58Z,False,0,L1,0,0.0,0.0,6.0
82,F,13844,2014-04-09T01:18:24Z,False,0,L1,0,0.0,0.0,6.0
83,G,13845,2014-04-09T01:43:40Z,False,0,L3,2,0.0,0.0,6.0
84,D,13846,2014-04-09T03:53:36Z,True,0,L5,4,3.0,0.0,2.0
85,J,13847,2014-04-09T12:39:40Z,False,0,L4,3,0.0,0.0,5.0
86,G,13848,2014-04-09T13:33:12Z,False,0,L1,0,0.0,0.0,6.0
87,J,13849,2014-04-09T14:20:12Z,False,0,L1,0,0.0,0.0,5.0
88,F,13850,2014-04-09T14:49:22Z,False,0,L1,0,0.0,0.0,6.0
89,J,13851,2014-04-09T15:58:55Z,False,0,L1,0,0.0,0.0,5.0
90,G,13852,2014-04-09T18:00:18Z,False,0,L3,2,0.0,0.0,6.0
91,I,13853,2014-04-09T20:24:42Z,False,0,L1,0,0.0,0.0,4.0
92,J,13854,2014-04-09T21:16:13Z,False,0,L1,0,0.0,0.0,5.0
93,G,13855,2014-04-09T23:06:48Z,False,0,L2,1,0.0,0.0,6.0
94,F,13856,2014-04-10T00:43:39Z,False,0,L2,1,0.0,0.0,6.0
95,G,13857,2014-04-10T01:34:31Z,False,0,L3,2,0.0,0.0,6.0
96,I,13858,2014-04-10T02:37:35Z,False,0,L1,0,0.0,0.0,4.0
97,D,13859,2014-04-10T03:48:53Z,True,0,L4,3,4.0,0.0,3.0
98,F,13860,2014-04-10T14:46:58Z,False,0,L3,2,0.0,0.0,6.0
99,L,13861,2014-04-10T15:19:52Z,True,0,L3,2,0.0,0.0,0.0
100,E,13862,2014-04-10T20:35:40Z,True,0,L3,2,6.0,0.0,4.0
101,F,13863,2014-04-10T20:40:41Z,False,0,L1,0,0.0,0.0,6.0
102,I,13864,2014-04-10T20:55:36Z,False,0,L1,0,0.0,0.0,4.0
103,B,13865,2014-04-10T21:35:51Z,True,1,L1,0,4.0,3.0,3.0
104,G,13866,2014-04-10T23:59:09Z,False,0,L2,1,0.0,0.0,6.0
105,J,13867,2014-04-11T01:17:40Z,False,0,L6,5,0.0,0.0,5.0
106,F,13868,2014-04-11T01:45:41Z,False,0,L3,2,0.0,0.0,6.0
107,D,13869,2014-04-11T03:47:59Z,True,0,L3,2,5.0,0.0,4.0
108,J,13870,2014-04-11T12:31:23Z,False,0,L4,3,0.0,0.0,6.0
109,J,13871,2014-04-11T13:56:22Z,False,0,L1,0,0.0,0.0,6.0
110,F,13872,2014-04-11T14:40:53Z,False,0,L3,2,0.0,0.0,6.0
111,F,13873,2014-04-11T16:46:46Z,False,0,L5,4,0.0,0.0,6.0
112,B,13874,2014-04-11T18:41:58Z,True,1,L3,2,5.0,4.0,3.0
113,G,13875,2014-04-11T19:49:47Z,False,0,L4,3,0.0,0.0,6.0
114,E,13876,2014-04-11T20:44:40Z,True,0,L4,3,7.0,0.0,4.0
115,I,13877,2014-04-11T21:22:12Z,False,0,L4,3,0.0,0.0,4.0
116,F,13878,2014-04-11T21:30:42Z,False,0,L1,0,0.0,0.0,6.0
117,J,13879,2014-04-11T21:32:28Z,False,0,L1,0,0.0,0.0,6.0
118,G,13880,2014-04-11T22:24:36Z,False,0,L3,2,0.0,0.0,6.0
119,J,13881,2014-04-11T22:49:31Z,False,0,L5,4,0.0,0.0,6.0
120,G,13882,2014-04-12T00:37:17Z,False,0,L1,0,0.0,0.0,6.0
121,I,13883,2014-04-12T02:29:45Z,False,0,L4,3,0.0,0.0,4.0
122,B,13884,2014-04-12T03:34:26Z,True,1,L4,3,6.0,5.0,4.0
123,D,13885,2014-04-12T03:55:39Z,True,0,L4,3,6.0,0.0,4.0
124,F,13886,2014-04-12T21:07:36Z,False,0,L3,2,0.0,0.0,6.0
125,G,13887,2014-04-13T00:07:24Z,False,0,L1,0,0.0,0.0,6.0
126,B,13888,2014-04-13T03:26:30Z,True,1,L2,1,7.0,6.0,4.0
127,E,13889,2014-04-13T04:31:42Z,True,0,L6,5,8.0,0.0,4.0
128,D,13890,2014-04-13T07:51:47Z,True,0,L1,0,7.0,0.0,4.0
129,I,13891,2014-04-14T04:10:25Z,False,0,L3,2,0.0,0.0,4.0
130,J,13892,2014-04-14T09:27:46Z,False,0,L2,1,0.0,0.0,6.0
131,J,13893,2014-04-14T10:45:38Z,False,0,L4,3,0.0,0.0,6.0
132,J,13894,2014-04-14T11:55:11Z,False,0,L3,2,0.0,0.0,6.0
133,G,13895,2014-04-14T13:28:04Z,False,0,L2,1,0.0,0.0,6.0
134,J,13896,2014-04-14T13:38:56Z,False,0,L5,4,0.0,0.0,6.0
135,F,13897,2014-04-14T14:55:04Z,False,0,L4,3,0.0,0.0,6.0
136,G,13898,2014-04-14T17:46:58Z,False,0,L5,4,0.0,0.0,6.0
137,B,13899,2014-04-14T19:43:59Z,True,1,L1,0,8.0,7.0,4.0
138,F,13900,2014-04-14T20:11:35Z,False,0,L5,4,0.0,0.0,6.0
139,J,13901,2014-04-14T21:32:20Z,False,0,L3,2,0.0,0.0,6.0
140,G,13902,2014-04-14T23:03:56Z,False,0,L1,0,0.0,0.0,6.0
141,F,13903,2014-04-15T00:50:30Z,False,0,L1,0,0.0,0.0,6.0
142,J,13904,2014-04-15T00:53:35Z,False,0,L4,3,0.0,0.0,6.0
143,G,13905,2014-04-15T00:57:04Z,False,0,L5,4,0.0,0.0,6.0
144,E,13906,2014-04-15T01:11:32Z,True,0,L3,2,9.0,0.0,4.0
145,D,13907,2014-04-15T03:48:42Z,True,0,L5,4,8.0,0.0,5.0
146,G,13908,2014-04-15T13:51:03Z,False,0,L1,0,0.0,0.0,6.0
147,F,13909,2014-04-15T14:49:43Z,False,0,L2,1,0.0,0.0,6.0
148,J,13910,2014-04-15T16:27:23Z,False,0,L1,0,0.0,0.0,6.0
149,G,13911,2014-04-15T16:48:57Z,False,0,L1,0,0.0,0.0,6.0
150,I,13912,2014-04-15T18:58:15Z,False,0,L3,2,0.0,0.0,5.0
151,G,13913,2014-04-15T19:08:01Z,False,0,L1,0,0.0,0.0,6.0
152,J,13914,2014-04-15T22:17:06Z,False,0,L5,4,0.0,0.0,6.0
153,G,13915,2014-04-15T23:18:21Z,False,0,L1,0,0.0,0.0,6.0
154,F,13916,2014-04-16T00:17:28Z,False,0,L3,2,0.0,0.0,6.0
155,G,13917,2014-04-16T01:19:16Z,False,0,L5,4,0.0,0.0,6.0
156,B,13918,2014-04-16T01:36:44Z,True,1,L1,0,9.0,8.0,4.0
157,I,13919,2014-04-16T01:53:26Z,False,0,L1,0,0.0,0.0,5.0
158,D,13920,2014-04-16T05:46:09Z,True,0,L1,0,9.0,0.0,5.0
159,J,13921,2014-04-16T12:26:19Z,False,0,L3,2,0.0,0.0,6.0
160,G,13922,2014-04-16T14:14:01Z,False,0,L2,1,0.0,0.0,6.0
161,J,13923,2014-04-16T14:19:08Z,False,0,L4,3,0.0,0.0,6.0
162,F,13924,2014-04-16T14:53:42Z,False,0,L4,3,0.0,0.0,6.0
163,G,13925,2014-04-16T17:18:31Z,False,0,L1,0,0.0,0.0,6.0
164,G,13926,2014-04-16T20:05:11Z,False,0,L4,3,0.0,0.0,6.0
165,E,13927,2014-04-16T20:32:08Z,True,0,L1,0,10.0,0.0,4.0
166,J,13928,2014-04-16T21:30:43Z,False,0,L4,3,0.0,0.0,6.0
167,J,13929,2014-04-16T23:22:04Z,False,0,L1,0,0.0,0.0,6.0
168,G,13930,2014-04-16T23:27:08Z,False,0,L1,0,0.0,0.0,6.0
169,B,13931,2014-04-16T23:36:30Z,True,1,L1,0,10.0,9.0,4.0
170,D,13932,2014-04-17T03:46:43Z,True,0,L3,2,10.0,0.0,5.0
171,F,13933,2014-04-17T14:48:20Z,False,0,L4,3,0.0,0.0,6.0
172,G,13934,2014-04-17T15:06:08Z,False,0,L4,3,0.0,0.0,6.0
173,G,13935,2014-04-17T22:38:00Z,False,0,L4,3,0.0,0.0,6.0
174,F,13936,2014-04-17T23:02:01Z,False,0,L4,3,0.0,0.0,6.0
175,G,13937,2014-04-18T01:20:58Z,False,0,L1,0,0.0,0.0,6.0
176,G,13938,2014-04-18T03:08:24Z,False,0,L5,4,0.0,0.0,6.0
177,J,13939,2014-04-18T12:33:09Z,False,0,L4,3,0.0,0.0,6.0
178,J,13940,2014-04-18T13:47:46Z,False,0,L5,4,0.0,0.0,6.0
179,F,13941,2014-04-18T16:35:11Z,False,0,L5,4,0.0,0.0,6.0
180,F,13942,2014-04-18T19:05:35Z,False,0,L2,1,0.0,0.0,6.0
181,G,13943,2014-04-18T21:30:28Z,False,0,L2,1,0.0,0.0,6.0
182,J,13944,2014-04-18T21:33:43Z,False,0,L1,0,0.0,0.0,6.0
183,J,13945,2014-04-18T22:43:38Z,False,0,L1,0,0.0,0.0,6.0
184,G,13946,2014-04-18T23:21:37Z,False,0,L3,2,0.0,0.0,6.0
185,F,13947,2014-04-19T01:00:50Z,False,0,L3,2,0.0,0.0,6.0
186,D,13948,2014-04-19T07:17:35Z,True,0,L2,1,11.0,0.0,5.0
187,F,13949,2014-04-19T16:50:29Z,False,0,L5,4,0.0,0.0,6.0
188,F,13950,2014-04-19T20:40:43Z,False,0,L1,0,0.0,0.0,6.0
189,I,13951,2014-04-19T21:00:04Z,False,0,L1,0,0.0,0.0,5.0
190,F,13952,2014-04-19T21:35:41Z,False,0,L1,0,0.0,0.0,6.0
191,N,13953,2014-04-19T22:55:08Z,False,0,L5,4,0.0,0.0,0.0
192,J,13954,2014-04-20T00:18:05Z,False,0,L1,0,0.0,0.0,6.0
193,B,13955,2014-04-20T00:44:37Z,True,1,L1,0,11.0,10.0,4.0
194,D,13956,2014-04-20T05:49:37Z,True,0,L1,0,12.0,0.0,6.0
195,E,13957,2014-04-20T07:55:40Z,True,0,L1,0,11.0,0.0,4.0
196,C,13958,2014-04-20T13:33:32Z,False,0,L4,3,0.0,0.0,1.0
197,I,13959,2014-04-20T20:46:08Z,False,0,L1,0,0.0,0.0,5.0
198,J,13960,2014-04-21T10:46:45Z,False,0,L3,2,0.0,0.0,6.0
199,J,13961,2014-04-21T11:49:28Z,False,0,L3,2,0.0,0.0,6.0
200,J,13962,2014-04-21T13:26:26Z,False,0,L2,1,0.0,0.0,6.0
201,G,13963,2014-04-21T14:57:29Z,False,0,L4,3,0.0,0.0,6.0
202,F,13964,2014-04-21T20:35:50Z,False,0,L5,4,0.0,0.0,6.0
203,G,13965,2014-04-21T21:16:53Z,False,0,L4,3,0.0,0.0,6.0
204,J,13966,2014-04-21T21:34:24Z,False,0,L1,0,0.0,0.0,6.0
205,F,13967,2014-04-21T22:17:35Z,False,0,L4,3,0.0,0.0,6.0
206,J,13968,2014-04-21T22:39:56Z,False,0,L6,5,0.0,0.0,6.0
207,G,13969,2014-04-21T23:36:12Z,False,0,L4,3,0.0,0.0,6.0
208,G,13970,2014-04-22T02:10:50Z,False,0,L1,0,0.0,0.0,6.0
209,D,13971,2014-04-22T03:50:21Z,True,0,L1,0,13.0,0.0,6.0
210,F,13972,2014-04-22T14:50:38Z,False,0,L4,3,0.0,0.0,6.0
211,G,13973,2014-04-22T22:15:12Z,False,0,L3,2,0.0,0.0,6.0
212,G,13974,2014-04-23T00:03:11Z,False,0,L1,0,0.0,0.0,6.0
213,F,13975,2014-04-23T00:15:42Z,False,0,L1,0,0.0,0.0,6.0
214,G,13976,2014-04-23T13:44:02Z,False,0,L4,3,0.0,0.0,6.0
215,F,13977,2014-04-23T14:48:44Z,False,0,L5,4,0.0,0.0,6.0
216,G,13978,2014-04-23T16:27:49Z,False,0,L4,3,0.0,0.0,6.0
217,G,13979,2014-04-23T19:48:56Z,False,0,L1,0,0.0,0.0,6.0
218,F,13980,2014-04-23T22:05:18Z,False,0,L4,3,0.0,0.0,6.0
219,G,13981,2014-04-23T22:33:23Z,False,0,L2,1,0.0,0.0,6.0
220,F,13982,2014-04-23T23:24:17Z,False,0,L4,3,0.0,0.0,6.0
221,G,13983,2014-04-24T00:41:51Z,False,0,L1,0,0.0,0.0,6.0
222,B,13984,2014-04-24T02:43:55Z,True,1,L4,3,12.0,11.0,4.0
223,D,13985,2014-04-24T03:44:54Z,True,0,L6,5,14.0,0.0,6.0
224,G,13986,2014-04-24T13:27:37Z,False,0,L1,0,0.0,0.0,6.0
225,F,13987,2014-04-24T14:45:03Z,False,0,L5,4,0.0,0.0,6.0
226,I,13988,2014-04-24T18:04:37Z,False,0,L1,0,0.0,0.0,5.0
227,F,13989,2014-04-24T19:42:55Z,False,0,L1,0,0.0,0.0,6.0
228,E,13990,2014-04-24T20:40:14Z,True,0,L1,0,12.0,0.0,4.0
229,G,13991,2014-04-24T21:14:25Z,False,0,L1,0,0.0,0.0,6.0
230,G,13992,2014-04-24T23:45:14Z,False,0,L1,0,0.0,0.0,6.0
231,I,13993,2014-04-25T00:33:18Z,False,0,L1,0,0.0,0.0,5.0
232,J,13994,2014-04-25T00:46:40Z,False,0,L1,0,0.0,0.0,6.0
233,G,13995,2014-04-25T01:34:52Z,False,0,L1,0,0.0,0.0,6.0
234,D,13996,2014-04-25T04:25:14Z,True,0,L6,5,15.0,0.0,6.0
235,G,13997,2014-04-25T12:30:35Z,False,0,L5,4,0.0,0.0,6.0
236,J,13998,2014-04-25T12:33:50Z,False,0,L1,0,0.0,0.0,6.0
237,J,13999,2014-04-25T13:33:25Z,False,0,L2,1,0.0,0.0,6.0
238,I,14000,2014-04-25T15:26:38Z,False,0,L4,3,0.0,0.0,5.0
239,G,14001,2014-04-25T16:08:39Z,False,0,L4,3,0.0,0.0,6.0
240,F,14002,2014-04-25T16:19:19Z,False,0,L1,0,0.0,0.0,6.0
241,B,14003,2014-04-25T19:44:06Z,True,1,L4,3,13.0,12.0,4.0
242,G,14004,2014-04-25T20:23:12Z,False,0,L1,0,0.0,0.0,6.0
243,J,14005,2014-04-25T21:30:53Z,False,0,L1,0,0.0,0.0,6.0
244,E,14006,2014-04-25T22:11:44Z,True,0,L4,3,13.0,0.0,4.0
245,G,14007,2014-04-25T22:29:18Z,False,0,L4,3,0.0,0.0,6.0
246,J,14008,2014-04-25T22:42:48Z,False,0,L1,0,0.0,0.0,6.0
247,F,14009,2014-04-26T00:04:20Z,False,0,L1,0,0.0,0.0,6.0
248,G,14010,2014-04-26T01:29:25Z,False,0,L4,3,0.0,0.0,6.0
249,B,14011,2014-04-26T03:29:47Z,True,1,L2,1,14.0,13.0,4.0
250,D,14012,2014-04-26T03:40:32Z,True,0,L1,0,16.0,0.0,6.0
251,G,14013,2014-04-26T04:15:00Z,False,0,L1,0,0.0,0.0,6.0
252,F,14014,2014-04-26T14:34:42Z,False,0,L1,0,0.0,0.0,6.0
253,I,14015,2014-04-26T15:35:35Z,False,0,L4,3,0.0,0.0,5.0
254,G,14016,2014-04-26T17:47:06Z,False,0,L1,0,0.0,0.0,6.0
255,I,14017,2014-04-26T19:32:25Z,False,0,L5,4,0.0,0.0,5.0
256,D,14018,2014-04-27T00:43:23Z,True,0,L1,0,17.0,0.0,6.0
257,B,14019,2014-04-27T00:57:20Z,True,1,L4,3,15.0,14.0,4.0
258,I,14020,2014-04-27T02:43:09Z,False,0,L4,3,0.0,0.0,5.0
259,I,14021,2014-04-27T17:39:16Z,False,0,L3,2,0.0,0.0,5.0
260,J,14022,2014-04-27T18:49:25Z,False,0,L3,2,0.0,0.0,6.0
261,F,14023,2014-04-27T19:16:57Z,False,0,L1,0,0.0,0.0,6.0
262,I,14024,2014-04-27T22:05:49Z,False,0,L1,0,0.0,0.0,5.0
263,F,14025,2014-04-27T23:53:08Z,False,0,L2,1,0.0,0.0,6.0
264,D,14026,2014-04-28T03:15:45Z,True,0,L4,3,18.0,0.0,6.0
265,J,14027,2014-04-28T03:40:19Z,False,0,L1,0,0.0,0.0,6.0
266,J,14028,2014-04-28T09:29:35Z,False,0,L2,1,0.0,0.0,6.0
267,J,14029,2014-04-28T10:38:30Z,False,0,L1,0,0.0,0.0,6.0
268,J,14030,2014-04-28T11:38:28Z,False,0,L2,1,0.0,0.0,6.0
269,J,14031,2014-04-28T13:42:46Z,False,0,L2,1,0.0,0.0,6.0
270,G,14032,2014-04-28T14:46:53Z,False,0,L1,0,0.0,0.0,6.0
271,F,14033,2014-04-28T14:50:23Z,False,0,L5,4,0.0,0.0,6.0
272,I,14034,2014-04-28T15:17:45Z,False,0,L4,3,0.0,0.0,5.0
273,B,14035,2014-04-28T16:34:06Z,True,1,L1,0,16.0,15.0,4.0
274,G,14036,2014-04-28T20:46:28Z,False,0,L2,1,0.0,0.0,6.0
275,E,14037,2014-04-28T21:07:54Z,True,0,L1,0,14.0,0.0,4.0
276,J,14038,2014-04-28T21:33:05Z,False,0,L1,0,0.0,0.0,6.0
277,I,14039,2014-04-28T21:47:09Z,False,0,L4,3,0.0,0.0,5.0
278,F,14040,2014-04-28T23:12:31Z,False,0,L4,3,0.0,0.0,6.0
279,G,14041,2014-04-28T23:16:18Z,False,0,L1,0,0.0,0.0,6.0
280,B,14042,2014-04-28T23:32:22Z,True,1,L4,3,17.0,16.0,4.0
281,J,14043,2014-04-29T00:31:09Z,False,0,L1,0,0.0,0.0,6.0
282,G,14044,2014-04-29T01:22:07Z,False,0,L1,0,0.0,0.0,6.0
283,I,14045,2014-04-29T01:27:45Z,False,0,L6,5,0.0,0.0,5.0
284,D,14046,2014-04-29T07:49:28Z,True,0,L1,0,19.0,0.0,6.0
285,G,14047,2014-04-29T13:45:51Z,False,0,L1,0,0.0,0.0,6.0
286,F,14048,2014-04-29T14:46:28Z,False,0,L4,3,0.0,0.0,6.0
287,I,14049,2014-04-29T15:18:25Z,False,0,L1,0,0.0,0.0,6.0
288,F,14050,2014-04-29T19:24:15Z,False,0,L1,0,0.0,0.0,6.0
289,F,14051,2014-04-29T21:32:07Z,False,0,L1,0,0.0,0.0,6.0
290,I,14052,2014-04-29T22:17:33Z,False,0,L2,1,0.0,0.0,6.0
291,E,14053,2014-04-29T23:05:56Z,True,0,L3,2,15.0,0.0,4.0
292,G,14054,2014-04-29T23:44:21Z,False,0,L1,0,0.0,0.0,6.0
293,F,14055,2014-04-30T00:13:49Z,False,0,L1,0,0.0,0.0,6.0
294,B,14056,2014-04-30T02:13:15Z,True,1,L1,0,18.0,17.0,4.0
295,J,14057,2014-04-30T12:30:25Z,False,0,L1,0,0.0,0.0,6.0
296,G,14058,2014-04-30T13:30:46Z,False,0,L5,4,0.0,0.0,6.0
297,J,14059,2014-04-30T14:14:15Z,False,0,L4,3,0.0,0.0,6.0
298,F,14060,2014-04-30T14:55:00Z,False,0,L1,0,0.0,0.0,6.0
299,G,14061,2014-04-30T15:21:56Z,False,0,L1,0,0.0,0.0,6.0
300,I,14062,2014-04-30T17:03:49Z,False,0,L4,3,0.0,0.0,6.0
301,G,14063,2014-04-30T17:51:45Z,False,0,L4,3,0.0,0.0,6.0
302,J,14064,2014-04-30T21:32:02Z,False,0,L1,0,0.0,0.0,6.0
303,F,14065,2014-04-30T21:50:20Z,False,0,L1,0,0.0,0.0,6.0
304,J,14066,2014-04-30T22:44:10Z,False,0,L2,1,0.0,0.0,6.0
305,G,14067,2014-05-01T00:29:49Z,False,0,L2,1,0.0,0.0,6.0
306,D,14068,2014-05-01T07:53:57Z,True,0,L1,0,20.0,0.0,6.0
307,F,14069,2014-05-01T14:46:35Z,False,0,L1,0,0.0,0.0,6.0
308,G,14070,2014-05-01T16:26:47Z,False,0,L1,0,0.0,0.0,6.0
309,J,14071,2014-05-01T16:42:28Z,False,0,L1,0,0.0,0.0,6.0
310,F,14072,2014-05-01T18:51:13Z,False,0,L1,0,0.0,0.0,6.0
311,G,14073,2014-05-01T21:05:20Z,False,0,L6,5,0.0,0.0,6.0
312,F,14074,2014-05-01T21:38:00Z,False,0,L4,3,0.0,0.0,6.0
313,F,14075,2014-05-01T23:05:43Z,False,0,L1,0,0.0,0.0,6.0
314,G,14076,2014-05-01T23:17:46Z,False,0,L1,0,0.0,0.0,6.0
315,G,14077,2014-05-02T02:03:29Z,False,0,L2,1,0.0,0.0,6.0
316,D,14078,2014-05-02T07:45:51Z,True,0,L1,0,21.0,0.0,6.0
317,J,14079,2014-05-02T12:25:48Z,False,0,L3,2,0.0,0.0,6.0
318,J,14080,2014-05-02T13:50:08Z,False,0,L2,1,0.0,0.0,6.0
319,F,14081,2014-05-02T14:50:35Z,False,0,L6,5,0.0,0.0,6.0
320,G,14082,2014-05-02T20:09:41Z,False,0,L4,3,0.0,0.0,6.0
321,J,14083,2014-05-02T21:31:29Z,False,0,L1,0,0.0,0.0,6.0
322,J,14084,2014-05-02T22:37:50Z,False,0,L1,0,0.0,0.0,6.0
323,G,14085,2014-05-02T23:18:33Z,False,0,L1,0,0.0,0.0,6.0
324,E,14086,2014-05-03T00:31:07Z,True,0,L4,3,16.0,0.0,4.0
325,G,14087,2014-05-03T01:08:40Z,False,0,L2,1,0.0,0.0,6.0
326,D,14088,2014-05-03T07:48:15Z,True,0,L1,0,22.0,0.0,6.0
327,B,14089,2014-05-03T09:47:36Z,True,1,L5,4,19.0,18.0,4.0
328,F,14090,2014-05-03T15:12:51Z,False,0,L3,2,0.0,0.0,6.0
329,G,14091,2014-05-03T21:28:47Z,False,0,L3,2,0.0,0.0,6.0
330,G,14092,2014-05-03T23:36:26Z,False,0,L2,1,0.0,0.0,6.0
331,F,14093,2014-05-04T01:03:40Z,False,0,L1,0,0.0,0.0,6.0
332,G,14094,2014-05-04T01:11:42Z,False,0,L1,0,0.0,0.0,6.0
333,D,14095,2014-05-04T07:47:36Z,True,0,L1,0,23.0,0.0,6.0
334,F,14096,2014-05-04T15:01:44Z,False,0,L3,2,0.0,0.0,6.0
335,C,14097,2014-05-04T16:49:12Z,False,0,L4,3,0.0,0.0,1.0
336,B,14098,2014-05-04T18:58:44Z,True,1,L4,3,20.0,19.0,5.0
337,E,14099,2014-05-05T02:08:27Z,True,0,L1,0,17.0,0.0,4.0
338,J,14100,2014-05-05T09:24:44Z,False,0,L5,4,0.0,0.0,6.0
339,G,14101,2014-05-05T09:32:02Z,False,0,L1,0,0.0,0.0,6.0
340,J,14102,2014-05-05T10:31:33Z,False,0,L4,3,0.0,0.0,6.0
341,J,14103,2014-05-05T11:34:29Z,False,0,L1,0,0.0,0.0,6.0
342,J,14104,2014-05-05T13:40:49Z,False,0,L5,4,0.0,0.0,6.0
343,G,14105,2014-05-05T13:48:49Z,False,0,L1,0,0.0,0.0,6.0
344,F,14106,2014-05-05T14:51:44Z,False,0,L1,0,0.0,0.0,6.0
345,G,14107,2014-05-05T18:05:58Z,False,0,L1,0,0.0,0.0,6.0
346,E,14108,2014-05-05T19:48:55Z,True,0,L2,1,18.0,0.0,4.0
347,J,14109,2014-05-05T21:40:36Z,False,0,L1,0,0.0,0.0,6.0
348,F,14110,2014-05-05T21:52:04Z,False,0,L5,4,0.0,0.0,6.0
349,F,14111,2014-05-05T23:06:41Z,False,0,L2,1,0.0,0.0,6.0
350,G,14112,2014-05-06T00:13:28Z,False,0,L4,3,0.0,0.0,6.0
351,H,14113,2014-05-06T01:40:46Z,False,0,L4,3,0.0,0.0,0.0
352,J,14114,2014-05-06T02:37:42Z,False,0,L1,0,0.0,0.0,6.0
353,D,14115,2014-05-06T03:48:31Z,True,0,L1,0,24.0,0.0,6.0
354,B,14116,2014-05-06T13:47:54Z,True,1,L3,2,21.0,20.0,5.0
355,F,14117,2014-05-06T14:51:30Z,False,0,L4,3,0.0,0.0,6.0
356,I,14118,2014-05-06T15:11:21Z,False,0,L3,2,0.0,0.0,6.0
357,J,14119,2014-05-06T19:38:25Z,False,0,L2,1,0.0,0.0,6.0
358,G,14120,2014-05-06T19:52:23Z,False,0,L4,3,0.0,0.0,6.0
359,I,14121,2014-05-06T20:26:12Z,False,0,L4,3,0.0,0.0,6.0
360,F,14122,2014-05-06T21:46:22Z,False,0,L4,3,0.0,0.0,6.0
361,J,14123,2014-05-06T22:07:50Z,False,0,L3,2,0.0,0.0,6.0
362,E,14124,2014-05-06T22:37:10Z,True,0,L1,0,19.0,0.0,5.0
363,B,14125,2014-05-06T22:41:52Z,True,1,L6,5,22.0,21.0,5.0
364,G,14126,2014-05-06T22:57:31Z,False,0,L3,2,0.0,0.0,6.0
365,H,14127,2014-05-06T23:39:33Z,False,0,L4,3,0.0,0.0,1.0
366,F,14128,2014-05-07T00:16:08Z,False,0,L3,2,0.0,0.0,6.0
367,H,14129,2014-05-07T01:18:39Z,False,0,L2,1,0.0,0.0,1.0
368,G,14130,2014-05-07T01:38:57Z,False,0,L1,0,0.0,0.0,6.0
369,D,14131,2014-05-07T03:51:15Z,True,0,L1,0,25.0,0.0,6.0
370,J,14132,2014-05-07T12:28:47Z,False,0,L1,0,0.0,0.0,6.0
371,J,14133,2014-05-07T13:52:27Z,False,0,L1,0,0.0,0.0,6.0
372,I,14134,2014-05-07T15:25:41Z,False,0,L5,4,0.0,0.0,6.0
373,H,14135,2014-05-07T17:25:35Z,False,0,L1,0,0.0,0.0,2.0
374,H,14136,2014-05-07T17:47:08Z,False,0,L3,2,0.0,0.0,3.0
375,G,14137,2014-05-07T19:41:59Z,False,0,L6,5,0.0,0.0,6.0
376,J,14138,2014-05-07T21:32:55Z,False,0,L1,0,0.0,0.0,6.0
377,G,14139,2014-05-07T21:38:48Z,False,0,L1,0,0.0,0.0,6.0
378,J,14140,2014-05-07T22:45:24Z,False,0,L1,0,0.0,0.0,6.0
379,H,14141,2014-05-07T22:45:57Z,False,0,L5,4,0.0,0.0,4.0
380,G,14142,2014-05-08T02:07:43Z,False,0,L4,3,0.0,0.0,6.0
381,G,14143,2014-05-08T13:54:19Z,False,0,L4,3,0.0,0.0,6.0
382,F,14144,2014-05-08T14:52:57Z,False,0,L1,0,0.0,0.0,6.0
383,I,14145,2014-05-08T15:23:37Z,False,0,L1,0,0.0,0.0,6.0
384,J,14146,2014-05-08T17:22:04Z,False,0,L4,3,0.0,0.0,6.0
385,F,14147,2014-05-08T19:02:46Z,False,0,L5,4,0.0,0.0,6.0
386,E,14148,2014-05-08T19:20:14Z,True,0,L1,0,20.0,0.0,5.0
387,J,14149,2014-05-08T20:53:09Z,False,0,L6,5,0.0,0.0,6.0
388,G,14150,2014-05-08T21:05:20Z,False,0,L1,0,0.0,0.0,6.0
389,I,14151,2014-05-08T21:16:27Z,False,0,L1,0,0.0,0.0,6.0
390,F,14152,2014-05-08T21:41:21Z,False,0,L2,1,0.0,0.0,6.0
391,F,14153,2014-05-08T23:23:19Z,False,0,L4,3,0.0,0.0,6.0
392,G,14154,2014-05-08T23:46:42Z,False,0,L3,2,0.0,0.0,6.0
393,I,14155,2014-05-09T00:55:42Z,False,0,L1,0,0.0,0.0,6.0
394,B,14156,2014-05-09T01:11:54Z,True,1,L3,2,23.0,22.0,6.0
395,F,14157,2014-05-09T01:38:43Z,False,0,L4,3,0.0,0.0,6.0
396,H,14158,2014-05-09T01:40:21Z,False,0,L6,5,0.0,0.0,5.0
397,G,14159,2014-05-09T01:47:27Z,False,0,L2,1,0.0,0.0,6.0
398,D,14160,2014-05-09T08:00:11Z,True,0,L4,3,26.0,0.0,6.0
399,J,14161,2014-05-09T12:26:28Z,False,0,L1,0,0.0,0.0,6.0
400,G,14162,2014-05-09T12:28:16Z,False,0,L1,0,0.0,0.0,6.0
401,J,14163,2014-05-09T13:40:53Z,False,0,L4,3,0.0,0.0,6.0
402,F,14164,2014-05-09T14:54:30Z,False,0,L3,2,0.0,0.0,6.0
403,I,14165,2014-05-09T15:08:11Z,False,0,L4,3,0.0,0.0,6.0
404,G,14166,2014-05-09T15:31:05Z,False,0,L2,1,0.0,0.0,6.0
405,B,14167,2014-05-09T16:27:35Z,True,1,L1,0,24.0,23.0,6.0
406,H,14168,2014-05-09T18:50:32Z,False,0,L6,5,0.0,0.0,6.0
407,F,14169,2014-05-09T21:47:04Z,False,0,L1,0,0.0,0.0,6.0
408,G,14170,2014-05-09T22:08:01Z,False,0,L1,0,0.0,0.0,6.0
409,F,14171,2014-05-09T23:13:20Z,False,0,L1,0,0.0,0.0,6.0
410,J,14172,2014-05-09T23:14:36Z,False,0,L1,0,0.0,0.0,6.0
411,G,14173,2014-05-10T00:41:21Z,False,0,L4,3,0.0,0.0,6.0
412,H,14174,2014-05-10T01:48:32Z,False,0,L1,0,0.0,0.0,6.0
413,G,14175,2014-05-10T02:52:28Z,False,0,L3,2,0.0,0.0,6.0
414,E,14176,2014-05-10T06:50:49Z,True,0,L1,0,21.0,0.0,5.0
415,D,14177,2014-05-10T07:47:42Z,True,0,L1,0,27.0,0.0,6.0
416,F,14178,2014-05-10T15:20:08Z,False,0,L1,0,0.0,0.0,6.0
417,I,14179,2014-05-10T15:56:40Z,False,0,L5,4,0.0,0.0,6.0
418,G,14180,2014-05-10T20:44:21Z,False,0,L4,3,0.0,0.0,6.0
419,F,14181,2014-05-10T21:05:33Z,False,0,L1,0,0.0,0.0,6.0
420,J,14182,2014-05-10T21:27:26Z,False,0,L1,0,0.0,0.0,6.0
421,H,14183,2014-05-10T22:52:54Z,False,0,L4,3,0.0,0.0,6.0
422,F,14184,2014-05-10T23:05:14Z,False,0,L6,5,0.0,0.0,6.0
423,F,14185,2014-05-11T01:39:53Z,False,0,L5,4,0.0,0.0,6.0
424,H,14186,2014-05-11T01:51:07Z,False,0,L4,3,0.0,0.0,6.0
425,I,14187,2014-05-11T18:06:00Z,False,0,L1,0,0.0,0.0,6.0
426,E,14188,2014-05-11T22:19:31Z,True,0,L4,3,22.0,0.0,5.0
427,F,14189,2014-05-12T15:02:26Z,False,0,L1,0,0.0,0.0,6.0
428,I,14190,2014-05-12T15:16:57Z,False,0,L3,2,0.0,0.0,6.0
429,G,14191,2014-05-12T17:22:01Z,False,0,L4,3,0.0,0.0,6.0
430,H,14192,2014-05-12T18:46:19Z,False,0,L4,3,0.0,0.0,6.0
431,G,14193,2014-05-12T19:51:38Z,False,0,L4,3,0.0,0.0,6.0
432,I,14194,2014-05-12T21:13:34Z,False,0,L4,3,0.0,0.0,6.0
433,G,14195,2014-05-12T22:00:56Z,False,0,L1,0,0.0,0.0,6.0
434,H,14196,2014-05-12T22:57:24Z,False,0,L2,1,0.0,0.0,6.0
435,F,14197,2014-05-12T23:05:35Z,False,0,L1,0,0.0,0.0,6.0
436,G,14198,2014-05-13T00:47:57Z,False,0,L4,3,0.0,0.0,6.0
437,I,14199,2014-05-13T01:07:12Z,False,0,L1,0,0.0,0.0,6.0
438,G,14200,2014-05-13T02:23:58Z,False,0,L1,0,0.0,0.0,6.0
439,D,14201,2014-05-13T03:47:51Z,True,0,L4,3,28.0,0.0,6.0
440,J,14202,2014-05-13T12:26:18Z,False,0,L3,2,0.0,0.0,6.0
441,J,14203,2014-05-13T13:40:55Z,False,0,L2,1,0.0,0.0,6.0
442,F,14204,2014-05-13T14:56:20Z,False,0,L1,0,0.0,0.0,6.0
443,I,14205,2014-05-13T15:21:11Z,False,0,L5,4,0.0,0.0,6.0
444,G,14206,2014-05-13T16:10:26Z,False,0,L1,0,0.0,0.0,6.0
445,B,14207,2014-05-13T17:07:37Z,True,1,L4,3,25.0,24.0,6.0
446,F,14208,2014-05-13T17:37:16Z,False,0,L1,0,0.0,0.0,6.0
447,H,14209,2014-05-13T19:25:06Z,False,0,L5,4,0.0,0.0,6.0
448,G,14210,2014-05-13T19:38:27Z,False,0,L3,2,0.0,0.0,6.0
449,F,14211,2014-05-13T19:51:19Z,False,0,L1,0,0.0,0.0,6.0
450,I,14212,2014-05-13T20:33:24Z,False,0,L4,3,0.0,0.0,6.0
451,J,14213,2014-05-13T21:32:58Z,False,0,L1,0,0.0,0.0,6.0
452,G,14214,2014-05-13T22:44:14Z,False,0,L3,2,0.0,0.0,6.0
453,J,14215,2014-05-13T22:49:48Z,False,0,L3,2,0.0,0.0,6.0
454,G,14216,2014-05-14T00:38:27Z,False,0,L4,3,0.0,0.0,6.0
455,H,14217,2014-05-14T00:52:55Z,False,0,L1,0,0.0,0.0,6.0
456,F,14218,2014-05-14T01:28:03Z,False,0,L1,0,0.0,0.0,6.0
457,D,14219,2014-05-14T07:47:56Z,True,0,L3,2,29.0,0.0,6.0
458,G,14220,2014-05-14T14:02:10Z,False,0,L2,1,0.0,0.0,6.0
459,F,14221,2014-05-14T14:52:08Z,False,0,L5,4,0.0,0.0,6.0
460,I,14222,2014-05-14T15:17:49Z,False,0,L1,0,0.0,0.0,6.0
461,J,14223,2014-05-14T15:53:28Z,False,0,L1,0,0.0,0.0,6.0
462,I,14224,2014-05-14T17:59:06Z,False,0,L5,4,0.0,0.0,6.0
463,G,14225,2014-05-14T18:28:47Z,False,0,L1,0,0.0,0.0,6.0
464,F,14226,2014-05-14T18:51:45Z,False,0,L1,0,0.0,0.0,6.0
465,G,14227,2014-05-14T20:28:02Z,False,0,L3,2,0.0,0.0,6.0
466,F,14228,2014-05-14T21:48:11Z,False,0,L1,0,0.0,0.0,6.0
467,F,14229,2014-05-14T22:38:08Z,False,0,L1,0,0.0,0.0,6.0
468,E,14230,2014-05-14T23:49:06Z,True,0,L1,0,23.0,0.0,5.0
469,J,14231,2014-05-14T23:59:27Z,False,0,L2,1,0.0,0.0,6.0
470,F,14232,2014-05-15T00:12:06Z,False,0,L1,0,0.0,0.0,6.0
471,I,14233,2014-05-15T00:25:06Z,False,0,L1,0,0.0,0.0,6.0
472,G,14234,2014-05-15T01:21:16Z,False,0,L2,1,0.0,0.0,6.0
473,J,14235,2014-05-15T12:30:06Z,False,0,L2,1,0.0,0.0,6.0
474,J,14236,2014-05-15T13:46:22Z,False,0,L4,3,0.0,0.0,6.0
475,F,14237,2014-05-15T14:57:16Z,False,0,L4,3,0.0,0.0,6.0
476,I,14238,2014-05-15T15:16:52Z,False,0,L4,3,0.0,0.0,6.0
477,J,14239,2014-05-15T16:12:41Z,False,0,L2,1,0.0,0.0,6.0
478,G,14240,2014-05-15T16:29:34Z,False,0,L1,0,0.0,0.0,6.0
479,G,14241,2014-05-15T20:35:36Z,False,0,L5,4,0.0,0.0,6.0
480,I,14242,2014-05-15T21:17:17Z,False,0,L1,0,0.0,0.0,6.0
481,J,14243,2014-05-15T21:32:38Z,False,0,L4,3,0.0,0.0,6.0
482,F,14244,2014-05-15T21:35:22Z,False,0,L5,4,0.0,0.0,6.0
483,J,14245,2014-05-15T22:37:36Z,False,0,L1,0,0.0,0.0,6.0
484,F,14246,2014-05-15T23:29:16Z,False,0,L2,1,0.0,0.0,6.0
485,E,14247,2014-05-15T23:43:34Z,True,0,L4,3,24.0,0.0,5.0
486,I,14248,2014-05-16T00:22:06Z,False,0,L2,1,0.0,0.0,6.0
487,H,14249,2014-05-16T00:57:10Z,False,0,L1,0,0.0,0.0,6.0
488,G,14250,2014-05-16T02:27:42Z,False,0,L1,0,0.0,0.0,6.0
489,G,14251,2014-05-16T04:46:09Z,False,0,L1,0,0.0,0.0,6.0
490,D,14252,2014-05-16T07:47:06Z,True,0,L6,5,30.0,0.0,6.0
491,G,14253,2014-05-16T15:41:56Z,False,0,L4,3,0.0,0.0,6.0
492,F,14254,2014-05-16T18:54:45Z,False,0,L5,4,0.0,0.0,6.0
493,I,14255,2014-05-16T19:13:38Z,False,0,L4,3,0.0,0.0,6.0
494,F,14256,2014-05-16T20:13:21Z,False,0,L4,3,0.0,0.0,6.0
495,H,14257,2014-05-16T21:17:01Z,False,0,L1,0,0.0,0.0,6.0
496,G,14258,2014-05-16T23:22:41Z,False,0,L5,4,0.0,0.0,6.0
497,F,14259,2014-05-17T00:02:17Z,False,0,L1,0,0.0,0.0,6.0
498,F,14260,2014-05-17T02:46:39Z,False,0,L1,0,0.0,0.0,6.0
499,D,14261,2014-05-17T07:45:57Z,True,0,L1,0,31.0,0.0,6.0
500,E,14262,2014-05-17T14:48:21Z,True,0,L1,0,25.0,0.0,5.0
501,F,14263,2014-05-17T19:38:15Z,False,0,L1,0,0.0,0.0,6.0
502,F,14264,2014-05-18T01:06:24Z,False,0,L4,3,0.0,0.0,6.0
503,B,14265,2014-05-18T02:19:23Z,True,1,L5,4,26.0,25.0,6.0
504,D,14266,2014-05-18T07:51:42Z,True,0,L1,0,32.0,0.0,6.0
505,F,14267,2014-05-18T18:06:59Z,False,0,L2,1,0.0,0.0,6.0
506,H,14268,2014-05-18T19:47:08Z,False,0,L4,3,0.0,0.0,6.0
507,H,14269,2014-05-19T00:30:02Z,False,0,L1,0,0.0,0.0,6.0
508,J,14270,2014-05-19T09:34:53Z,False,0,L2,1,0.0,0.0,6.0
509,J,14271,2014-05-19T10:40:26Z,False,0,L1,0,0.0,0.0,6.0
510,J,14272,2014-05-19T11:42:29Z,False,0,L1,0,0.0,0.0,6.0
511,G,14273,2014-05-19T13:03:24Z,False,0,L5,4,0.0,0.0,6.0
512,J,14274,2014-05-19T13:41:42Z,False,0,L1,0,0.0,0.0,6.0
513,D,14275,2014-05-19T15:59:31Z,True,0,L1,0,33.0,0.0,6.0
514,J,14276,2014-05-19T21:42:30Z,False,0,L4,3,0.0,0.0,6.0
515,F,14277,2014-05-19T22:36:12Z,False,0,L1,0,0.0,0.0,6.0
516,J,14278,2014-05-19T23:12:02Z,False,0,L1,0,0.0,0.0,6.0
517,G,14279,2014-05-20T00:21:34Z,False,0,L1,0,0.0,0.0,6.0
518,H,14280,2014-05-20T00:39:59Z,False,0,L1,0,0.0,0.0,6.0
519,B,14281,2014-05-20T02:41:56Z,True,1,L4,3,27.0,26.0,6.0
520,D,14282,2014-05-20T03:46:40Z,True,0,L5,4,34.0,0.0,6.0
521,F,14283,2014-05-20T04:10:56Z,False,0,L2,1,0.0,0.0,6.0
522,G,14284,2014-05-20T12:31:46Z,False,0,L5,4,0.0,0.0,6.0
523,G,14285,2014-05-20T14:30:49Z,False,0,L1,0,0.0,0.0,6.0
524,F,14286,2014-05-20T14:52:55Z,False,0,L3,2,0.0,0.0,6.0
525,I,14287,2014-05-20T15:14:34Z,False,0,L3,2,0.0,0.0,6.0
526,J,14288,2014-05-20T16:33:40Z,False,0,L1,0,0.0,0.0,6.0
527,G,14289,2014-05-20T17:19:59Z,False,0,L2,1,0.0,0.0,6.0
528,E,14290,2014-05-20T19:30:56Z,True,0,L4,3,26.0,0.0,5.0
529,G,14291,2014-05-20T20:10:06Z,False,0,L1,0,0.0,0.0,6.0
530,J,14292,2014-05-20T21:27:45Z,False,0,L5,4,0.0,0.0,6.0
531,F,14293,2014-05-20T21:45:46Z,False,0,L1,0,0.0,0.0,6.0
532,I,14294,2014-05-20T23:25:41Z,False,0,L5,4,0.0,0.0,6.0
533,F,14295,2014-05-21T00:21:18Z,False,0,L3,2,0.0,0.0,6.0
534,G,14296,2014-05-21T00:50:42Z,False,0,L4,3,0.0,0.0,6.0
535,D,14297,2014-05-21T03:47:41Z,True,0,L1,0,35.0,0.0,6.0
536,F,14298,2014-05-21T04:01:35Z,False,0,L1,0,0.0,0.0,6.0
537,J,14299,2014-05-21T12:23:53Z,False,0,L4,3,0.0,0.0,6.0
538,J,14300,2014-05-21T13:53:16Z,False,0,L4,3,0.0,0.0,6.0
539,F,14301,2014-05-21T14:57:01Z,False,0,L1,0,0.0,0.0,6.0
540,I,14302,2014-05-21T15:29:28Z,False,0,L3,2,0.0,0.0,6.0
541,G,14303,2014-05-21T15:46:47Z,False,0,L6,5,0.0,0.0,6.0
542,G,14304,2014-05-21T18:13:52Z,False,0,L4,3,0.0,0.0,6.0
543,D,14305,2014-05-21T18:49:13Z,True,0,L1,0,36.0,0.0,6.0
544,G,14306,2014-05-21T20:32:25Z,False,0,L4,3,0.0,0.0,6.0
545,C,14307,2014-05-21T21:14:37Z,False,0,L5,4,0.0,0.0,1.0
546,F,14308,2014-05-21T21:32:45Z,False,0,L3,2,0.0,0.0,6.0
547,J,14309,2014-05-21T21:35:21Z,False,0,L1,0,0.0,0.0,6.0
548,I,14310,2014-05-21T23:01:08Z,False,0,L1,0,0.0,0.0,6.0
549,E,14311,2014-05-21T23:22:42Z,True,0,L1,0,27.0,0.0,5.0
550,G,14312,2014-05-22T00:40:02Z,False,0,L2,1,0.0,0.0,6.0
551,J,14313,2014-05-22T01:05:26Z,False,0,L1,0,0.0,0.0,6.0
552,G,14314,2014-05-22T13:42:57Z,False,1,L3,2,0.0,0.0,6.0
553,F,14315,2014-05-22T14:55:47Z,False,0,L1,0,0.0,0.0,6.0
554,I,14316,2014-05-22T15:15:23Z,False,0,L1,0,0.0,0.0,6.0
555,F,14317,2014-05-22T17:00:03Z,False,0,L1,0,0.0,0.0,6.0
556,G,14318,2014-05-22T17:34:13Z,False,0,L2,1,0.0,1.0,6.0
557,J,14319,2014-05-22T18:03:14Z,False,0,L1,0,0.0,0.0,6.0
558,E,14320,2014-05-22T19:06:15Z,True,0,L2,1,28.0,0.0,5.0
559,H,14321,2014-05-22T19:19:24Z,False,0,L5,4,0.0,0.0,6.0
560,G,14322,2014-05-22T19:50:08Z,False,0,L5,4,0.0,1.0,6.0
561,C,14323,2014-05-22T21:00:35Z,False,0,L1,0,0.0,0.0,2.0
562,F,14324,2014-05-22T21:07:23Z,False,0,L1,0,0.0,0.0,6.0
563,I,14325,2014-05-22T21:28:34Z,False,0,L1,0,0.0,0.0,6.0
564,G,14326,2014-05-22T22:12:40Z,False,0,L1,0,0.0,1.0,6.0
565,H,14327,2014-05-22T22:35:00Z,False,0,L1,0,0.0,0.0,6.0
566,F,14328,2014-05-22T23:35:47Z,False,0,L3,2,0.0,0.0,6.0
567,I,14329,2014-05-23T00:11:18Z,False,0,L1,0,0.0,0.0,6.0
568,G,14330,2014-05-23T00:56:48Z,False,0,L4,3,0.0,1.0,6.0
569,F,14331,2014-05-23T03:21:38Z,False,0,L5,4,0.0,0.0,6.0
570,B,14332,2014-05-23T05:04:44Z,True,1,L3,2,28.0,27.0,6.0
571,D,14333,2014-05-23T05:47:47Z,True,0,L1,0,37.0,0.0,6.0
572,J,14334,2014-05-23T12:26:30Z,False,0,L6,5,0.0,0.0,6.0
573,J,14335,2014-05-23T13:45:47Z,False,0,L1,0,0.0,0.0,6.0
574,F,14336,2014-05-23T14:53:02Z,False,0,L1,0,0.0,0.0,6.0
575,F,14337,2014-05-23T20:08:50Z,False,0,L3,2,0.0,0.0,6.0
576,E,14338,2014-05-23T20:43:31Z,True,0,L1,0,29.0,0.0,5.0
577,H,14339,2014-05-23T21:03:45Z,False,0,L1,0,0.0,0.0,6.0
578,J,14340,2014-05-23T21:34:10Z,False,0,L3,2,0.0,0.0,6.0
579,J,14341,2014-05-23T22:38:32Z,False,0,L4,3,0.0,0.0,6.0
580,F,14342,2014-05-24T00:08:57Z,False,0,L1,0,0.0,0.0,6.0
581,B,14343,2014-05-24T01:43:23Z,True,1,L2,1,29.0,28.0,6.0
582,D,14344,2014-05-24T03:52:43Z,True,0,L3,2,38.0,0.0,6.0
583,B,14345,2014-05-24T04:53:03Z,True,1,L3,2,30.0,29.0,6.0
584,C,14346,2014-05-24T15:15:00Z,False,0,L1,0,0.0,0.0,3.0
585,I,14347,2014-05-24T15:52:16Z,False,0,L4,3,0.0,0.0,6.0
586,F,14348,2014-05-24T17:44:19Z,False,0,L6,5,0.0,0.0,6.0
587,F,14349,2014-05-24T23:36:30Z,False,0,L6,5,0.0,0.0,6.0
588,D,14350,2014-05-25T03:53:03Z,True,0,L4,3,39.0,0.0,6.0
589,L,14351,2014-05-25T15:19:37Z,True,0,L3,2,1.0,0.0,1.0
590,H,14352,2014-05-25T15:43:10Z,False,0,L1,0,0.0,0.0,6.0
591,E,14353,2014-05-25T16:04:16Z,True,0,L5,4,30.0,0.0,5.0
592,F,14354,2014-05-25T16:29:13Z,False,0,L4,3,0.0,0.0,6.0
593,H,14355,2014-05-25T18:11:55Z,False,0,L6,5,0.0,0.0,6.0
594,I,14356,2014-05-25T18:16:24Z,False,0,L5,4,0.0,0.0,6.0
595,H,14357,2014-05-25T20:04:51Z,False,0,L4,3,0.0,0.0,6.0
596,C,14358,2014-05-25T20:15:22Z,False,0,L4,3,0.0,0.0,3.0
597,D,14359,2014-05-26T07:21:58Z,True,0,L1,0,40.0,0.0,6.0
598,F,14360,2014-05-26T14:45:40Z,False,0,L1,0,0.0,0.0,6.0
599,I,14361,2014-05-26T15:51:45Z,False,0,L4,3,0.0,0.0,6.0
600,I,14362,2014-05-26T21:38:05Z,False,0,L4,3,0.0,0.0,6.0
601,F,14363,2014-05-26T23:09:08Z,False,0,L1,0,0.0,0.0,6.0
602,I,14364,2014-05-27T01:16:58Z,False,0,L5,4,0.0,0.0,6.0
603,B,14365,2014-05-27T01:20:36Z,True,1,L1,0,31.0,30.0,6.0
604,E,14366,2014-05-27T02:46:17Z,True,0,L4,3,31.0,0.0,6.0
605,D,14367,2014-05-27T03:23:45Z,True,0,L4,3,41.0,0.0,6.0
606,F,14368,2014-05-27T04:06:51Z,False,0,L5,4,0.0,0.0,6.0
607,J,14369,2014-05-27T09:30:37Z,False,0,L1,0,0.0,0.0,6.0
608,J,14370,2014-05-27T10:58:16Z,False,0,L4,3,0.0,0.0,6.0
609,J,14371,2014-05-27T12:13:16Z,False,0,L4,3,0.0,0.0,6.0
610,J,14372,2014-05-27T13:28:15Z,False,0,L4,3,0.0,0.0,6.0
611,F,14373,2014-05-27T14:52:27Z,False,0,L4,3,0.0,0.0,6.0
612,I,14374,2014-05-27T15:51:26Z,False,0,L3,2,0.0,0.0,6.0
613,H,14375,2014-05-27T19:47:16Z,False,0,L1,0,0.0,0.0,6.0
614,I,14376,2014-05-27T19:54:13Z,False,0,L5,4,0.0,0.0,6.0
615,F,14377,2014-05-27T20:33:38Z,False,0,L2,1,0.0,0.0,6.0
616,J,14378,2014-05-27T21:36:10Z,False,0,L1,0,0.0,0.0,6.0
617,C,14379,2014-05-27T22:28:00Z,False,0,L1,0,0.0,0.0,3.0
618,I,14380,2014-05-27T22:28:20Z,False,0,L4,3,0.0,0.0,6.0
619,J,14381,2014-05-27T22:50:40Z,False,0,L1,0,0.0,0.0,6.0
620,H,14382,2014-05-27T22:56:57Z,False,0,L4,3,0.0,0.0,6.0
621,B,14383,2014-05-27T23:14:00Z,True,1,L4,3,32.0,31.0,6.0
622,F,14384,2014-05-28T00:13:13Z,False,0,L1,0,0.0,0.0,6.0
623,H,14385,2014-05-28T01:18:42Z,False,0,L3,2,0.0,0.0,6.0
624,F,14386,2014-05-28T03:30:27Z,False,0,L1,0,0.0,0.0,6.0
625,D,14387,2014-05-28T07:46:39Z,True,0,L3,2,42.0,0.0,6.0
626,J,14388,2014-05-28T12:23:45Z,False,0,L1,0,0.0,0.0,6.0
627,G,14389,2014-05-28T13:29:58Z,False,0,L4,3,0.0,1.0,6.0
628,J,14390,2014-05-28T13:36:47Z,False,0,L3,2,0.0,0.0,6.0
629,H,14391,2014-05-28T14:40:36Z,False,0,L4,3,0.0,0.0,6.0
630,F,14392,2014-05-28T14:51:29Z,False,0,L1,0,0.0,0.0,6.0
631,I,14393,2014-05-28T15:14:51Z,False,0,L1,0,0.0,0.0,6.0
632,G,14394,2014-05-28T16:41:23Z,False,0,L1,0,0.0,1.0,6.0
633,I,14395,2014-05-28T18:03:38Z,False,0,L1,0,0.0,0.0,6.0
634,B,14396,2014-05-28T18:41:12Z,True,1,L4,3,33.0,32.0,6.0
635,F,14397,2014-05-28T21:12:12Z,False,0,L3,2,0.0,0.0,6.0
636,G,14398,2014-05-28T21:13:54Z,False,0,L1,0,0.0,1.0,6.0
637,H,14399,2014-05-28T21:14:07Z,False,0,L4,3,0.0,0.0,6.0
638,C,14400,2014-05-28T21:15:26Z,False,0,L5,4,0.0,0.0,3.0
639,J,14401,2014-05-28T21:38:21Z,False,0,L3,2,0.0,0.0,6.0
640,E,14402,2014-05-28T22:15:16Z,True,0,L1,0,32.0,0.0,6.0
641,G,14403,2014-05-28T22:42:57Z,False,0,L1,0,0.0,1.0,6.0
642,F,14404,2014-05-28T22:44:14Z,False,0,L4,3,0.0,0.0,6.0
643,J,14405,2014-05-28T23:04:11Z,False,0,L5,4,0.0,0.0,6.0
644,I,14406,2014-05-29T00:04:42Z,False,0,L4,3,0.0,0.0,6.0
645,H,14407,2014-05-29T02:31:33Z,False,0,L3,2,0.0,0.0,6.0
646,D,14408,2014-05-29T05:45:19Z,True,0,L4,3,43.0,0.0,6.0
647,J,14409,2014-05-29T12:29:40Z,False,0,L1,0,0.0,0.0,6.0
648,J,14410,2014-05-29T14:10:18Z,False,0,L6,5,0.0,0.0,6.0
649,F,14411,2014-05-29T14:48:13Z,False,0,L2,1,0.0,0.0,6.0
650,I,14412,2014-05-29T15:20:41Z,False,0,L1,0,0.0,0.0,6.0
651,J,14413,2014-05-29T15:42:26Z,False,0,L2,1,0.0,0.0,6.0
652,H,14414,2014-05-29T16:45:17Z,False,0,L2,1,0.0,0.0,6.0
653,G,14415,2014-05-29T18:41:50Z,False,0,L3,2,0.0,1.0,6.0
654,B,14416,2014-05-29T18:57:42Z,True,1,L4,3,34.0,33.0,6.0
655,I,14417,2014-05-29T21:28:00Z,False,0,L4,3,0.0,0.0,6.0
656,J,14418,2014-05-29T21:31:25Z,False,0,L1,0,0.0,0.0,6.0
657,J,14419,2014-05-29T23:02:57Z,False,0,L1,0,0.0,0.0,6.0
658,G,14420,2014-05-29T23:33:29Z,False,0,L4,3,0.0,1.0,6.0
659,H,14421,2014-05-30T00:58:59Z,False,0,L1,0,0.0,0.0,6.0
660,B,14422,2014-05-30T01:14:52Z,True,1,L5,4,35.0,34.0,6.0
661,I,14423,2014-05-30T01:26:25Z,False,0,L2,1,0.0,0.0,6.0
662,D,14424,2014-05-30T03:47:23Z,True,0,L1,0,44.0,0.0,6.0
663,J,14425,2014-05-30T12:27:15Z,False,0,L5,4,0.0,0.0,6.0
664,J,14426,2014-05-30T13:36:07Z,False,0,L1,0,0.0,0.0,6.0
665,G,14427,2014-05-30T14:07:57Z,False,0,L5,4,0.0,1.0,6.0
666,I,14428,2014-05-30T16:14:07Z,False,0,L4,3,0.0,0.0,6.0
667,G,14429,2014-05-30T16:27:01Z,False,0,L4,3,0.0,1.0,6.0
668,H,14430,2014-05-30T16:47:31Z,False,0,L5,4,0.0,0.0,6.0
669,E,14431,2014-05-30T18:55:08Z,True,0,L1,0,33.0,0.0,6.0
670,G,14432,2014-05-30T21:32:47Z,False,0,L4,3,0.0,1.0,6.0
671,J,14433,2014-05-30T21:39:08Z,False,0,L5,4,0.0,0.0,6.0
672,J,14434,2014-05-30T22:50:06Z,False,0,L1,0,0.0,0.0,6.0
673,I,14435,2014-05-30T23:10:19Z,False,0,L1,0,0.0,0.0,6.0
674,G,14436,2014-05-31T00:02:14Z,False,0,L1,0,0.0,1.0,6.0
675,H,14437,2014-05-31T01:14:28Z,False,0,L1,0,0.0,0.0,6.0
676,J,14438,2014-05-31T12:31:06Z,False,0,L1,0,0.0,0.0,6.0
677,I,14439,2014-05-31T17:04:03Z,False,0,L1,0,0.0,0.0,6.0
678,E,14440,2014-05-31T19:34:35Z,True,0,L1,0,34.0,0.0,6.0
679,C,14441,2014-05-31T19:38:47Z,False,0,L1,0,0.0,0.0,3.0
680,J,14442,2014-05-31T20:35:55Z,False,0,L4,3,0.0,0.0,6.0
681,B,14443,2014-05-31T20:56:41Z,True,1,L2,1,36.0,35.0,6.0
682,I,14444,2014-05-31T21:09:12Z,False,0,L3,2,0.0,0.0,6.0
683,J,14445,2014-05-31T22:36:13Z,False,0,L2,1,0.0,0.0,6.0
684,H,14446,2014-06-01T03:07:30Z,False,0,L1,0,0.0,0.0,6.0
685,B,14447,2014-06-01T07:16:11Z,True,1,L5,4,37.0,36.0,6.0
686,I,14448,2014-06-01T17:52:11Z,False,0,L1,0,0.0,0.0,6.0
687,B,14449,2014-06-02T04:16:01Z,True,1,L1,0,38.0,37.0,6.0
688,J,14450,2014-06-02T09:26:29Z,False,0,L3,2,0.0,0.0,6.0
689,J,14451,2014-06-02T10:41:16Z,False,0,L4,3,0.0,0.0,6.0
690,J,14452,2014-06-02T11:46:44Z,False,0,L3,2,0.0,0.0,6.0
691,G,14453,2014-06-02T13:04:52Z,False,0,L1,0,0.0,1.0,6.0
692,J,14454,2014-06-02T13:36:33Z,False,0,L2,1,0.0,0.0,6.0
693,I,14455,2014-06-02T17:19:22Z,False,0,L5,4,0.0,0.0,6.0
694,G,14456,2014-06-02T20:04:42Z,False,0,L1,0,0.0,1.0,6.0
695,J,14457,2014-06-02T21:47:34Z,False,0,L3,2,0.0,0.0,6.0
696,G,14458,2014-06-02T22:43:08Z,False,0,L4,3,0.0,1.0,6.0
697,J,14459,2014-06-02T23:00:30Z,False,0,L2,1,0.0,0.0,6.0
698,H,14460,2014-06-03T00:50:13Z,False,0,L2,1,0.0,0.0,6.0
699,I,14461,2014-06-03T01:37:21Z,False,0,L4,3,0.0,0.0,6.0
700,F,14462,2014-06-03T05:07:26Z,True,0,L5,4,0.0,0.0,6.0
701,D,14463,2014-06-03T07:51:05Z,True,0,L4,3,45.0,0.0,6.0
702,J,14464,2014-06-03T12:28:17Z,False,0,L1,0,0.0,0.0,6.0
703,J,14465,2014-06-03T13:44:41Z,False,0,L3,2,0.0,0.0,6.0
704,F,14466,2014-06-03T14:55:54Z,False,0,L5,4,1.0,0.0,6.0
705,I,14467,2014-06-03T15:20:55Z,False,0,L3,2,0.0,0.0,6.0
706,G,14468,2014-06-03T16:15:23Z,False,0,L1,0,0.0,1.0,6.0
707,G,14469,2014-06-03T18:46:35Z,False,0,L1,0,0.0,1.0,6.0
708,G,14470,2014-06-03T21:26:54Z,False,0,L1,0,0.0,1.0,6.0
709,J,14471,2014-06-03T21:34:19Z,False,0,L4,3,0.0,0.0,6.0
710,E,14472,2014-06-03T21:35:39Z,True,0,L2,1,35.0,0.0,6.0
711,F,14473,2014-06-03T21:57:06Z,False,0,L2,1,1.0,0.0,6.0
712,I,14474,2014-06-03T21:57:47Z,False,0,L1,0,0.0,0.0,6.0
713,H,14475,2014-06-03T22:31:05Z,False,0,L3,2,0.0,0.0,6.0
714,J,14476,2014-06-03T22:49:22Z,False,0,L5,4,0.0,0.0,6.0
715,F,14477,2014-06-04T00:18:46Z,False,0,L3,2,1.0,0.0,6.0
716,F,14478,2014-06-04T03:30:19Z,False,0,L1,0,1.0,0.0,6.0
717,G,14479,2014-06-04T04:16:37Z,False,0,L1,0,0.0,1.0,6.0
718,D,14480,2014-06-04T07:46:52Z,True,0,L1,0,46.0,0.0,6.0
719,J,14481,2014-06-04T12:26:05Z,False,0,L3,2,0.0,0.0,6.0
720,J,14482,2014-06-04T14:04:37Z,False,0,L1,0,0.0,0.0,6.0
721,F,14483,2014-06-04T14:44:09Z,False,0,L3,2,1.0,0.0,6.0
722,F,14484,2014-06-04T15:04:59Z,False,0,L1,0,1.0,0.0,6.0
723,I,14485,2014-06-04T15:14:36Z,False,0,L1,0,0.0,0.0,6.0
724,J,14486,2014-06-04T19:03:13Z,False,0,L1,0,0.0,0.0,6.0
725,F,14487,2014-06-04T19:51:27Z,False,0,L5,4,1.0,0.0,6.0
726,C,14488,2014-06-04T21:13:20Z,False,0,L1,0,0.0,0.0,3.0
727,J,14489,2014-06-04T21:36:19Z,False,0,L4,3,0.0,0.0,6.0
728,F,14490,2014-06-04T21:48:56Z,False,0,L4,3,1.0,0.0,6.0
729,J,14491,2014-06-04T22:46:52Z,False,0,L4,3,0.0,0.0,6.0
730,F,14492,2014-06-04T23:04:20Z,False,0,L4,3,1.0,0.0,6.0
731,G,14493,2014-06-04T23:20:14Z,False,0,L2,1,0.0,1.0,6.0
732,B,14494,2014-06-05T00:25:00Z,True,1,L6,5,39.0,38.0,6.0
733,I,14495,2014-06-05T01:04:43Z,False,0,L2,1,0.0,0.0,6.0
734,H,14496,2014-06-05T02:26:17Z,False,0,L1,0,0.0,0.0,6.0
735,D,14497,2014-06-05T07:47:04Z,True,0,L4,3,47.0,0.0,6.0
736,J,14498,2014-06-05T12:32:50Z,False,0,L1,0,0.0,0.0,6.0
737,J,14499,2014-06-05T13:43:34Z,False,0,L3,2,0.0,0.0,6.0
738,G,14500,2014-06-05T14:08:47Z,False,0,L3,2,0.0,1.0,6.0
739,F,14501,2014-06-05T14:53:18Z,False,0,L2,1,1.0,0.0,6.0
740,I,14502,2014-06-05T18:00:59Z,False,0,L2,1,0.0,0.0,6.0
741,H,14503,2014-06-05T19:45:34Z,False,0,L4,3,0.0,0.0,6.0
742,I,14504,2014-06-05T20:05:13Z,False,0,L4,3,0.0,0.0,6.0
743,F,14505,2014-06-05T21:23:57Z,False,0,L2,1,1.0,0.0,6.0
744,J,14506,2014-06-05T21:33:04Z,False,0,L2,1,0.0,0.0,6.0
745,J,14507,2014-06-05T22:32:37Z,False,0,L4,3,0.0,0.0,6.0
746,F,14508,2014-06-05T23:24:02Z,False,0,L1,0,1.0,0.0,6.0
747,H,14509,2014-06-05T23:57:33Z,False,0,L5,4,0.0,0.0,6.0
748,G,14510,2014-06-06T00:09:13Z,False,0,L2,1,0.0,1.0,6.0
749,E,14511,2014-06-06T00:23:17Z,True,0,L1,0,36.0,0.0,6.0
750,D,14512,2014-06-06T03:52:19Z,True,0,L1,0,48.0,0.0,6.0
751,J,14513,2014-06-06T12:32:21Z,False,0,L1,0,0.0,0.0,6.0
752,J,14514,2014-06-06T14:14:46Z,False,0,L1,0,0.0,0.0,6.0
753,F,14515,2014-06-06T14:49:04Z,False,0,L1,0,1.0,0.0,6.0
754,G,14516,2014-06-06T15:02:04Z,False,0,L1,0,0.0,1.0,6.0
755,I,14517,2014-06-06T15:54:57Z,False,0,L1,0,0.0,0.0,6.0
756,G,14518,2014-06-06T17:47:17Z,False,0,L4,3,0.0,1.0,6.0
757,F,14519,2014-06-06T20:13:07Z,False,0,L1,0,1.0,0.0,6.0
758,H,14520,2014-06-06T20:33:57Z,False,0,L6,5,0.0,0.0,6.0
759,B,14521,2014-06-06T20:38:41Z,True,1,L2,1,40.0,39.0,6.0
760,G,14522,2014-06-06T20:54:05Z,False,0,L6,5,0.0,1.0,6.0
761,J,14523,2014-06-06T21:35:24Z,False,0,L3,2,0.0,0.0,6.0
762,I,14524,2014-06-06T22:26:24Z,False,0,L1,0,0.0,0.0,6.0
763,G,14525,2014-06-06T22:43:29Z,False,0,L1,0,0.0,1.0,6.0
764,H,14526,2014-06-06T22:47:33Z,False,0,L3,2,0.0,0.0,6.0
765,J,14527,2014-06-07T00:26:17Z,False,0,L3,2,0.0,0.0,6.0
766,E,14528,2014-06-07T02:38:47Z,True,0,L2,1,37.0,0.0,6.0
767,D,14529,2014-06-07T07:46:37Z,True,0,L4,3,49.0,0.0,6.0
768,J,14530,2014-06-07T12:28:51Z,False,0,L4,3,0.0,0.0,6.0
769,J,14531,2014-06-07T13:27:15Z,False,0,L4,3,0.0,0.0,6.0
770,F,14532,2014-06-07T16:16:32Z,False,0,L4,3,1.0,0.0,6.0
771,H,14533,2014-06-07T16:35:17Z,False,0,L1,0,0.0,0.0,6.0
772,C,14534,2014-06-07T17:08:12Z,False,0,L1,0,0.0,0.0,3.0
773,I,14535,2014-06-07T17:24:32Z,False,0,L1,0,0.0,0.0,6.0
774,E,14536,2014-06-07T17:35:17Z,True,0,L3,2,38.0,0.0,6.0
775,I,14537,2014-06-07T20:12:00Z,False,0,L1,0,0.0,0.0,6.0
776,J,14538,2014-06-07T20:31:07Z,False,0,L2,1,0.0,0.0,6.0
777,H,14539,2014-06-07T20:45:41Z,False,0,L2,1,0.0,0.0,6.0
778,J,14540,2014-06-07T21:59:20Z,False,0,L3,2,0.0,0.0,6.0
779,B,14541,2014-06-08T04:22:52Z,True,1,L2,1,41.0,40.0,6.0
780,D,14542,2014-06-08T08:03:51Z,True,0,L3,2,50.0,0.0,6.0
781,E,14543,2014-06-08T18:06:20Z,True,0,L3,2,39.0,0.0,6.0
782,I,14544,2014-06-08T18:18:29Z,False,0,L1,0,0.0,0.0,6.0
783,F,14545,2014-06-08T19:14:13Z,False,0,L1,0,1.0,0.0,6.0
784,I,14546,2014-06-08T23:31:17Z,False,0,L3,2,0.0,0.0,6.0
785,J,14547,2014-06-09T09:36:43Z,False,0,L1,0,0.0,0.0,6.0
786,J,14548,2014-06-09T10:52:35Z,False,0,L1,0,0.0,0.0,6.0
787,J,14549,2014-06-09T12:11:34Z,False,0,L3,2,0.0,0.0,6.0
788,J,14550,2014-06-09T13:43:11Z,False,0,L1,0,0.0,0.0,6.0
789,G,14551,2014-06-09T14:48:00Z,False,0,L1,0,0.0,1.0,6.0
790,F,14552,2014-06-09T14:58:24Z,False,0,L2,1,1.0,0.0,6.0
791,I,14553,2014-06-09T15:10:40Z,False,0,L1,0,0.0,0.0,6.0
792,F,14554,2014-06-09T16:21:56Z,False,0,L3,2,1.0,0.0,6.0
793,G,14555,2014-06-09T17:59:57Z,False,0,L1,0,0.0,1.0,6.0
794,I,14556,2014-06-09T19:56:17Z,False,0,L4,3,0.0,0.0,6.0
795,C,14557,2014-06-09T21:15:16Z,False,0,L1,0,0.0,0.0,3.0
796,J,14558,2014-06-09T21:32:54Z,False,0,L1,0,0.0,0.0,6.0
797,F,14559,2014-06-09T21:43:46Z,False,0,L1,0,1.0,0.0,6.0
798,J,14560,2014-06-09T22:47:40Z,False,0,L5,4,0.0,0.0,6.0
799,J,14561,2014-06-09T23:00:28Z,False,0,L1,0,0.0,0.0,6.0
800,I,14562,2014-06-09T23:56:58Z,False,0,L2,1,0.0,0.0,6.0
801,G,14563,2014-06-10T00:21:17Z,False,0,L2,1,0.0,1.0,6.0
802,B,14564,2014-06-10T02:57:28Z,True,1,L1,0,42.0,41.0,6.0
803,D,14565,2014-06-10T07:51:14Z,True,0,L4,3,51.0,0.0,6.0
804,G,14566,2014-06-10T11:50:10Z,False,0,L4,3,0.0,1.0,6.0
805,F,14567,2014-06-10T14:56:51Z,False,0,L1,0,1.0,0.0,6.0
806,J,14568,2014-06-10T15:54:58Z,False,0,L4,3,0.0,0.0,6.0
807,G,14569,2014-06-10T17:32:10Z,False,0,L1,0,0.0,1.0,6.0
808,G,14570,2014-06-10T19:32:47Z,False,0,L1,0,0.0,1.0,6.0
809,C,14571,2014-06-10T21:21:26Z,False,0,L4,3,0.0,0.0,3.0
810,F,14572,2014-06-10T21:46:22Z,False,0,L1,0,1.0,0.0,6.0
811,E,14573,2014-06-10T21:57:32Z,True,0,L2,1,40.0,0.0,6.0
812,G,14574,2014-06-10T22:51:43Z,False,0,L4,3,0.0,1.0,6.0
813,J,14575,2014-06-10T23:39:10Z,False,0,L3,2,0.0,0.0,6.0
814,H,14576,2014-06-11T01:15:01Z,False,0,L3,2,0.0,0.0,6.0
815,G,14577,2014-06-11T01:49:28Z,False,0,L3,2,0.0,1.0,6.0
816,D,14578,2014-06-11T07:47:17Z,True,0,L2,1,52.0,0.0,6.0
817,J,14579,2014-06-11T12:33:36Z,False,0,L1,0,0.0,0.0,6.0
818,J,14580,2014-06-11T14:10:08Z,False,0,L1,0,0.0,0.0,6.0
819,F,14581,2014-06-11T14:56:13Z,False,0,L4,3,1.0,0.0,6.0
820,G,14582,2014-06-11T15:21:46Z,False,0,L1,0,0.0,1.0,6.0
821,I,14583,2014-06-11T17:38:13Z,False,0,L3,2,0.0,0.0,6.0
822,H,14584,2014-06-11T19:02:53Z,False,0,L1,0,0.0,0.0,6.0
823,F,14585,2014-06-11T19:39:33Z,False,0,L1,0,1.0,0.0,6.0
824,I,14586,2014-06-11T20:34:12Z,False,0,L1,0,0.0,0.0,6.0
825,J,14587,2014-06-11T21:32:31Z,False,0,L6,5,0.0,0.0,6.0
826,F,14588,2014-06-11T22:30:43Z,False,0,L1,0,1.0,0.0,6.0
827,J,14589,2014-06-11T22:46:20Z,False,0,L1,0,0.0,0.0,6.0
828,H,14590,2014-06-11T22:49:57Z,False,0,L1,0,0.0,0.0,6.0
829,G,14591,2014-06-11T23:59:08Z,False,0,L1,0,0.0,1.0,6.0
830,H,14592,2014-06-12T02:28:02Z,False,0,L1,0,0.0,0.0,6.0
831,D,14593,2014-06-12T07:46:33Z,True,0,L1,0,53.0,0.0,6.0
832,F,14594,2014-06-12T14:56:20Z,False,0,L1,0,1.0,0.0,6.0
833,G,14595,2014-06-12T15:07:33Z,False,0,L1,0,0.0,1.0,6.0
834,F,14596,2014-06-12T16:03:28Z,False,0,L4,3,1.0,0.0,6.0
835,H,14597,2014-06-12T18:27:01Z,False,0,L3,2,0.0,0.0,6.0
836,G,14598,2014-06-12T18:48:10Z,False,0,L1,0,0.0,1.0,6.0
837,G,14599,2014-06-12T20:51:18Z,False,0,L3,2,0.0,1.0,6.0
838,F,14600,2014-06-12T21:00:33Z,False,0,L2,1,1.0,0.0,6.0
839,H,14601,2014-06-12T21:29:44Z,False,0,L1,0,0.0,0.0,6.0
840,F,14602,2014-06-12T23:34:46Z,False,0,L5,4,1.0,0.0,6.0
841,G,14603,2014-06-13T00:10:08Z,False,0,L5,4,0.0,1.0,6.0
842,H,14604,2014-06-13T00:46:13Z,False,0,L1,0,0.0,0.0,6.0
843,I,14605,2014-06-13T01:07:45Z,False,0,L4,3,0.0,0.0,6.0
844,E,14606,2014-06-13T02:29:26Z,True,0,L4,3,41.0,0.0,6.0
845,I,14607,2014-06-13T03:59:15Z,False,0,L1,0,0.0,0.0,6.0
846,D,14608,2014-06-13T05:53:05Z,True,0,L1,0,54.0,0.0,6.0
847,J,14609,2014-06-13T12:28:21Z,False,0,L1,0,0.0,0.0,6.0
848,J,14610,2014-06-13T13:52:42Z,False,0,L5,4,0.0,0.0,6.0
849,F,14611,2014-06-13T14:49:26Z,False,0,L1,0,1.0,0.0,6.0
850,H,14612,2014-06-13T16:29:42Z,False,0,L4,3,0.0,0.0,6.0
851,F,14613,2014-06-13T17:33:38Z,False,0,L5,4,1.0,0.0,6.0
852,I,14614,2014-06-13T17:40:35Z,False,0,L1,0,0.0,0.0,6.0
853,E,14615,2014-06-13T19:47:53Z,True,0,L4,3,42.0,0.0,6.0
854,G,14616,2014-06-13T20:47:27Z,False,0,L3,2,0.0,1.0,6.0
855,J,14617,2014-06-13T21:31:30Z,False,0,L1,0,0.0,0.0,6.0
856,C,14618,2014-06-13T22:30:21Z,False,0,L4,3,0.0,0.0,3.0
857,J,14619,2014-06-13T22:37:36Z,False,0,L2,1,0.0,0.0,6.0
858,G,14620,2014-06-14T00:30:32Z,False,0,L4,3,0.0,1.0,6.0
859,B,14621,2014-06-14T19:56:48Z,True,1,L2,1,43.0,42.0,6.0
860,J,14622,2014-06-14T23:36:27Z,False,0,L6,5,0.0,0.0,6.0
861,D,14623,2014-06-15T05:55:40Z,True,0,L3,2,55.0,0.0,6.0
862,E,14624,2014-06-15T06:04:27Z,True,0,L1,0,43.0,0.0,6.0
863,J,14625,2014-06-15T16:33:37Z,False,0,L1,0,0.0,0.0,6.0
864,E,14626,2014-06-15T18:25:05Z,True,0,L1,0,44.0,0.0,6.0
865,C,14627,2014-06-15T21:46:15Z,False,0,L5,4,0.0,0.0,3.0
866,I,14628,2014-06-15T22:57:33Z,False,0,L1,0,0.0,0.0,6.0
867,J,14629,2014-06-16T09:27:22Z,False,0,L1,0,0.0,0.0,6.0
868,J,14630,2014-06-16T10:36:54Z,False,0,L4,3,0.0,0.0,6.0
869,J,14631,2014-06-16T11:46:43Z,False,0,L1,0,0.0,0.0,6.0
870,J,14632,2014-06-16T13:33:20Z,False,0,L5,4,0.0,0.0,6.0
871,F,14633,2014-06-16T14:57:18Z,False,0,L2,1,1.0,0.0,6.0
872,H,14634,2014-06-16T15:45:46Z,False,0,L1,0,0.0,0.0,6.0
873,G,14635,2014-06-16T16:03:50Z,False,0,L5,4,0.0,1.0,6.0
874,F,14636,2014-06-16T18:47:47Z,False,0,L1,0,1.0,0.0,6.0
875,I,14637,2014-06-16T20:22:49Z,False,0,L3,2,0.0,0.0,6.0
876,J,14638,2014-06-16T21:32:05Z,False,0,L1,0,0.0,0.0,6.0
877,F,14639,2014-06-16T21:32:36Z,False,0,L4,3,1.0,0.0,6.0
878,J,14640,2014-06-16T22:41:58Z,False,0,L2,1,0.0,0.0,6.0
879,H,14641,2014-06-16T23:42:25Z,False,0,L4,3,0.0,0.0,6.0
880,G,14642,2014-06-17T00:02:36Z,False,0,L2,1,0.0,1.0,6.0
881,F,14643,2014-06-17T01:41:06Z,False,0,L3,2,1.0,0.0,6.0
882,D,14644,2014-06-17T07:54:21Z,True,0,L3,2,56.0,0.0,6.0
883,F,14645,2014-06-17T14:53:29Z,False,0,L5,4,1.0,0.0,6.0
884,J,14646,2014-06-17T16:40:17Z,False,0,L2,1,0.0,0.0,6.0
885,G,14647,2014-06-17T16:46:21Z,False,0,L1,0,0.0,1.0,6.0
886,J,14648,2014-06-17T20:20:53Z,False,0,L1,0,0.0,0.0,6.0
887,I,14649,2014-06-17T20:40:46Z,False,0,L1,0,0.0,0.0,6.0
888,E,14650,2014-06-17T20:43:04Z,True,0,L5,4,45.0,0.0,6.0
889,F,14651,2014-06-17T21:35:23Z,False,0,L5,4,1.0,0.0,6.0
890,H,14652,2014-06-17T23:13:27Z,False,0,L1,0,0.0,0.0,6.0
891,H,14653,2014-06-18T00:49:38Z,False,0,L4,3,0.0,0.0,6.0
892,I,14654,2014-06-18T00:59:28Z,False,0,L3,2,0.0,0.0,6.0
893,I,14655,2014-06-18T02:12:42Z,False,0,L1,0,0.0,0.0,6.0
894,G,14656,2014-06-18T02:57:43Z,False,0,L1,0,0.0,1.0,6.0
895,B,14657,2014-06-18T07:07:55Z,True,1,L2,1,44.0,43.0,6.0
896,D,14658,2014-06-18T07:47:31Z,True,0,L1,0,57.0,0.0,6.0
897,J,14659,2014-06-18T12:31:20Z,False,0,L1,0,0.0,0.0,6.0
898,J,14660,2014-06-18T13:30:11Z,False,0,L3,2,0.0,0.0,6.0
899,F,14661,2014-06-18T14:54:56Z,False,0,L3,2,1.0,0.0,6.0
900,G,14662,2014-06-18T16:16:13Z,False,0,L1,0,0.0,1.0,6.0
901,G,14663,2014-06-18T19:17:16Z,False,0,L1,0,0.0,1.0,6.0
902,F,14664,2014-06-18T21:29:03Z,False,0,L1,0,1.0,0.0,6.0
903,J,14665,2014-06-18T21:32:05Z,False,0,L1,0,0.0,0.0,6.0
904,B,14666,2014-06-18T21:34:30Z,True,1,L4,3,45.0,44.0,6.0
905,F,14667,2014-06-18T22:45:53Z,False,0,L2,1,1.0,0.0,6.0
906,J,14668,2014-06-18T22:52:01Z,False,0,L1,0,0.0,0.0,6.0
907,G,14669,2014-06-19T00:01:45Z,False,0,L1,0,0.0,1.0,6.0
908,H,14670,2014-06-19T01:36:49Z,False,0,L4,3,0.0,0.0,6.0
909,D,14671,2014-06-19T07:46:58Z,True,0,L1,0,58.0,0.0,6.0
910,F,14672,2014-06-19T14:49:33Z,False,0,L1,0,1.0,0.0,6.0
911,E,14673,2014-06-19T19:23:11Z,True,0,L1,0,46.0,0.0,6.0
912,J,14674,2014-06-19T19:56:36Z,False,0,L2,1,0.0,0.0,6.0
913,G,14675,2014-06-19T21:30:21Z,False,0,L2,1,0.0,1.0,6.0
914,G,14676,2014-06-20T00:05:15Z,False,0,L5,4,0.0,1.0,6.0
915,H,14677,2014-06-20T02:19:05Z,False,0,L5,4,0.0,0.0,6.0
916,B,14678,2014-06-20T04:36:13Z,True,1,L6,5,46.0,45.0,6.0
917,J,14679,2014-06-20T12:21:39Z,False,0,L4,3,0.0,0.0,6.0
918,J,14680,2014-06-20T14:01:27Z,False,0,L1,0,0.0,0.0,6.0
919,G,14681,2014-06-20T14:41:43Z,False,0,L1,0,0.0,1.0,6.0
920,D,14682,2014-06-20T15:05:15Z,True,0,L5,4,59.0,0.0,6.0
921,I,14683,2014-06-20T18:26:35Z,False,0,L6,5,0.0,0.0,6.0
922,F,14684,2014-06-20T18:53:25Z,False,0,L6,5,1.0,0.0,6.0
923,M,14685,2014-06-20T18:54:24Z,True,1,L1,0,0.0,0.0,0.0
924,E,14686,2014-06-20T20:39:56Z,True,0,L3,2,47.0,0.0,6.0
925,J,14687,2014-06-20T21:26:19Z,False,0,L2,1,0.0,0.0,6.0
926,G,14688,2014-06-20T22:00:53Z,False,0,L1,0,0.0,1.0,6.0
927,B,14689,2014-06-20T22:44:21Z,True,1,L1,0,47.0,46.0,6.0
928,F,14690,2014-06-21T00:56:02Z,False,0,L1,0,1.0,0.0,6.0
929,J,14691,2014-06-21T01:25:56Z,False,0,L4,3,0.0,0.0,6.0
930,F,14692,2014-06-21T15:46:36Z,False,0,L4,3,1.0,0.0,6.0
931,H,14693,2014-06-21T21:07:13Z,False,0,L2,1,0.0,0.0,6.0
932,B,14694,2014-06-22T03:12:47Z,True,1,L2,1,48.0,47.0,6.0
933,F,14695,2014-06-22T16:23:43Z,False,0,L2,1,1.0,0.0,6.0
934,H,14696,2014-06-22T18:36:31Z,False,0,L5,4,0.0,0.0,6.0
935,E,14697,2014-06-22T19:00:49Z,True,0,L1,0,48.0,0.0,6.0
936,B,14698,2014-06-23T02:58:27Z,True,1,L1,0,49.0,48.0,6.0
937,J,14699,2014-06-23T09:36:50Z,False,0,L1,0,0.0,0.0,6.0
938,J,14700,2014-06-23T10:46:37Z,False,0,L1,0,0.0,0.0,6.0
939,J,14701,2014-06-23T11:47:50Z,False,0,L5,4,0.0,0.0,6.0
940,J,14702,2014-06-23T13:57:00Z,False,0,L4,3,0.0,0.0,6.0
941,F,14703,2014-06-23T14:21:20Z,False,0,L4,3,1.0,0.0,6.0
942,G,14704,2014-06-23T17:53:19Z,False,0,L1,0,0.0,1.0,6.0
943,F,14705,2014-06-23T18:13:05Z,False,0,L1,0,1.0,0.0,6.0
944,I,14706,2014-06-23T18:38:06Z,False,0,L3,2,0.0,0.0,6.0
945,J,14707,2014-06-23T21:32:18Z,False,0,L1,0,0.0,0.0,6.0
946,H,14708,2014-06-23T21:50:03Z,False,0,L1,0,0.0,0.0,6.0
947,G,14709,2014-06-23T22:24:51Z,False,0,L3,2,0.0,1.0,6.0
948,J,14710,2014-06-23T22:45:17Z,False,0,L4,3,0.0,0.0,6.0
949,F,14711,2014-06-24T01:22:02Z,False,0,L1,0,1.0,0.0,6.0
950,I,14712,2014-06-24T02:35:54Z,False,0,L1,0,0.0,0.0,6.0
951,H,14713,2014-06-24T02:50:52Z,False,0,L4,3,0.0,0.0,6.0
952,F,14714,2014-06-24T15:09:13Z,False,0,L1,0,1.0,0.0,6.0
953,L,14715,2014-06-24T15:11:20Z,True,0,L3,2,2.0,0.0,1.0
954,I,14716,2014-06-24T17:08:02Z,False,0,L1,0,0.0,0.0,6.0
955,J,14717,2014-06-24T17:23:18Z,False,0,L3,2,0.0,0.0,6.0
956,F,14718,2014-06-24T19:50:32Z,False,0,L3,2,1.0,0.0,6.0
957,H,14719,2014-06-24T19:54:27Z,False,0,L5,4,0.0,0.0,6.0
958,E,14720,2014-06-24T22:17:57Z,True,0,L3,2,49.0,0.0,6.0
959,G,14721,2014-06-24T23:15:53Z,False,0,L3,2,0.0,1.0,6.0
960,I,14722,2014-06-24T23:19:38Z,False,0,L4,3,0.0,0.0,6.0
961,H,14723,2014-06-24T23:34:10Z,False,0,L3,2,0.0,0.0,6.0
962,D,14724,2014-06-25T05:50:09Z,True,0,L1,0,60.0,0.0,6.0
963,J,14725,2014-06-25T14:15:40Z,False,0,L5,4,0.0,0.0,6.0
964,G,14726,2014-06-25T16:13:19Z,False,0,L1,0,0.0,1.0,6.0
965,F,14727,2014-06-25T16:37:20Z,False,0,L2,1,1.0,0.0,6.0
966,I,14728,2014-06-25T18:33:58Z,False,0,L1,0,0.0,0.0,6.0
967,G,14729,2014-06-25T19:09:18Z,False,0,L1,0,0.0,1.0,6.0
968,E,14730,2014-06-25T21:28:56Z,True,0,L5,4,50.0,0.0,6.0
969,G,14731,2014-06-25T21:42:38Z,False,0,L1,0,0.0,1.0,6.0
970,F,14732,2014-06-26T02:14:54Z,False,0,L4,3,1.0,0.0,6.0
971,H,14733,2014-06-26T02:25:28Z,False,0,L4,3,0.0,0.0,6.0
972,B,14734,2014-06-26T07:15:05Z,True,1,L3,2,50.0,49.0,6.0
973,J,14735,2014-06-26T12:32:52Z,False,0,L4,3,0.0,0.0,6.0
974,J,14736,2014-06-26T13:28:13Z,False,0,L1,0,0.0,0.0,6.0
975,H,14737,2014-06-26T15:52:42Z,False,0,L1,0,0.0,0.0,6.0
976,F,14738,2014-06-26T16:15:49Z,False,0,L1,0,1.0,0.0,6.0
977,G,14739,2014-06-26T19:35:32Z,False,0,L1,0,0.0,1.0,6.0
978,C,14740,2014-06-26T20:57:30Z,False,0,L3,2,0.0,0.0,3.0
979,F,14741,2014-06-26T21:29:57Z,False,0,L1,0,1.0,0.0,6.0
980,J,14742,2014-06-26T21:32:08Z,False,0,L4,3,0.0,0.0,6.0
981,H,14743,2014-06-26T22:02:19Z,False,0,L1,0,0.0,0.0,6.0
982,E,14744,2014-06-26T22:16:01Z,True,0,L4,3,51.0,0.0,6.0
983,J,14745,2014-06-26T22:36:14Z,False,0,L5,4,0.0,0.0,6.0
984,F,14746,2014-06-27T02:05:39Z,False,0,L4,3,1.0,0.0,6.0
985,D,14747,2014-06-27T05:49:18Z,True,0,L1,0,61.0,0.0,6.0
986,J,14748,2014-06-27T12:28:58Z,False,0,L2,1,0.0,0.0,6.0
987,J,14749,2014-06-27T13:39:40Z,False,0,L1,0,0.0,0.0,6.0
988,E,14750,2014-06-27T15:20:19Z,True,0,L1,0,52.0,0.0,6.0
989,C,14751,2014-06-27T17:53:19Z,False,0,L2,1,0.0,0.0,4.0
990,A,14752,2014-06-27T21:34:30Z,True,0,L3,2,0.0,0.0,0.0
991,J,14753,2014-06-27T21:36:05Z,False,0,L1,0,0.0,0.0,6.0
992,G,14754,2014-06-27T21:49:54Z,False,0,L5,4,0.0,1.0,6.0
993,C,14755,2014-06-27T21:54:20Z,False,0,L2,1,0.0,0.0,5.0
994,J,14756,2014-06-27T22:40:14Z,False,0,L1,0,0.0,0.0,6.0
995,I,14757,2014-06-27T23:07:48Z,False,0,L1,0,0.0,0.0,6.0
996,I,14758,2014-06-28T02:18:24Z,False,0,L4,3,0.0,0.0,6.0
997,H,14759,2014-06-28T04:49:46Z,False,0,L1,0,0.0,0.0,6.0
998,D,14760,2014-06-28T05:49:25Z,True,0,L4,3,62.0,0.0,6.0
999,G,14761,2014-06-28T07:04:35Z,False,0,L1,0,0.0,1.0,6.0
1000,B,14762,2014-06-28T08:20:11Z,True,1,L5,4,51.0,50.0,6.0
1001,I,14763,2014-06-28T18:37:10Z,False,0,L1,0,0.0,0.0,6.0
1002,H,14764,2014-06-29T00:54:12Z,False,0,L5,4,0.0,0.0,6.0
1003,D,14765,2014-06-29T05:48:05Z,True,0,L4,3,63.0,0.0,6.0
1004,A,14766,2014-06-29T19:28:51Z,True,0,L4,3,1.0,0.0,1.0
1005,E,14767,2014-06-29T23:38:13Z,True,0,L1,0,53.0,0.0,6.0
1006,C,14768,2014-06-30T00:00:05Z,False,0,L4,3,0.0,0.0,5.0
1007,D,14769,2014-06-30T03:46:29Z,True,0,L3,2,64.0,0.0,6.0
1008,J,14770,2014-06-30T09:36:50Z,False,0,L1,0,0.0,0.0,6.0
1009,J,14771,2014-06-30T10:44:35Z,False,0,L5,4,0.0,0.0,6.0
1010,J,14772,2014-06-30T13:31:18Z,False,0,L4,3,0.0,0.0,6.0
1011,G,14773,2014-06-30T19:56:11Z,False,0,L4,3,0.0,1.0,6.0
1012,J,14774,2014-06-30T21:31:33Z,False,0,L1,0,0.0,0.0,6.0
1013,C,14775,2014-06-30T21:56:38Z,False,0,L1,0,0.0,0.0,5.0
1014,J,14776,2014-06-30T22:41:23Z,False,0,L1,0,0.0,0.0,6.0
1015,D,14777,2014-07-01T05:46:29Z,True,0,L5,4,65.0,0.0,6.0
1016,E,14778,2014-07-01T17:16:44Z,True,0,L1,0,53.0,0.0,6.0
1017,G,14779,2014-07-01T18:57:01Z,False,0,L1,0,0.0,1.0,6.0
1018,C,14780,2014-07-01T20:42:55Z,False,0,L5,4,0.0,0.0,5.0
1019,J,14781,2014-07-01T22:45:27Z,False,0,L1,0,0.0,0.0,6.0
1020,D,14782,2014-07-02T03:57:27Z,True,0,L2,1,65.0,0.0,6.0
1021,H,14783,2014-07-02T04:02:36Z,False,0,L1,0,0.0,0.0,6.0
1022,J,14784,2014-07-02T12:32:40Z,False,0,L1,0,0.0,0.0,6.0
1023,J,14785,2014-07-02T14:08:12Z,False,0,L1,0,0.0,0.0,6.0
1024,G,14786,2014-07-02T19:22:44Z,False,0,L1,0,0.0,1.0,6.0
1025,E,14787,2014-07-02T21:03:42Z,True,0,L1,0,54.0,0.0,6.0
1026,J,14788,2014-07-02T21:35:08Z,False,0,L4,3,0.0,0.0,6.0
1027,J,14789,2014-07-02T22:42:28Z,False,0,L1,0,0.0,0.0,6.0
1028,I,14790,2014-07-02T23:26:17Z,False,0,L6,5,0.0,0.0,6.0
1029,J,14791,2014-07-03T01:04:55Z,False,0,L2,1,0.0,0.0,6.0
1030,G,14792,2014-07-03T01:10:15Z,False,0,L6,5,0.0,1.0,6.0
1031,D,14793,2014-07-03T03:49:09Z,True,0,L1,0,66.0,0.0,6.0
1032,E,14794,2014-07-03T18:48:34Z,True,0,L1,0,53.0,0.0,6.0
1033,G,14795,2014-07-03T23:56:53Z,False,0,L1,0,0.0,1.0,6.0
1034,H,14796,2014-07-04T00:20:48Z,False,0,L1,0,0.0,0.0,6.0
1035,C,14797,2014-07-04T03:32:55Z,False,0,L4,3,0.0,0.0,5.0
1036,D,14798,2014-07-04T04:01:52Z,True,0,L2,1,67.0,0.0,6.0
1037,J,14799,2014-07-04T15:18:35Z,False,0,L3,2,0.0,0.0,6.0
1038,H,14800,2014-07-04T17:40:06Z,False,0,L4,3,0.0,0.0,6.0
1039,H,14801,2014-07-04T23:25:57Z,False,0,L1,0,0.0,0.0,6.0
1040,D,14802,2014-07-05T03:39:14Z,True,0,L2,1,67.0,0.0,6.0
1041,J,14803,2014-07-05T09:35:00Z,False,0,L1,0,0.0,0.0,6.0
1042,J,14804,2014-07-05T10:44:59Z,False,0,L1,0,0.0,0.0,6.0
1043,J,14805,2014-07-05T11:43:15Z,False,0,L3,2,0.0,0.0,6.0
1044,J,14806,2014-07-05T13:51:21Z,False,0,L3,2,0.0,0.0,6.0
1045,E,14807,2014-07-05T14:28:47Z,True,0,L1,0,54.0,0.0,6.0
1046,H,14808,2014-07-05T16:02:58Z,False,0,L4,3,0.0,0.0,6.0
1047,J,14809,2014-07-05T20:29:52Z,False,0,L5,4,0.0,0.0,6.0
1048,J,14810,2014-07-05T22:01:27Z,False,0,L7,6,0.0,0.0,6.0
1049,H,14811,2014-07-06T00:40:43Z,False,0,L1,0,0.0,0.0,6.0
1050,D,14812,2014-07-06T04:00:13Z,True,0,L5,4,68.0,0.0,6.0
1051,D,14813,2014-07-07T03:48:31Z,True,0,L1,0,69.0,0.0,6.0
1052,J,14814,2014-07-07T09:30:57Z,False,0,L1,0,0.0,0.0,7.0
1053,J,14815,2014-07-07T10:33:53Z,False,0,L3,2,0.0,0.0,7.0
1054,J,14816,2014-07-07T11:29:44Z,False,0,L1,0,0.0,0.0,7.0
1055,J,14817,2014-07-07T13:33:08Z,False,0,L5,4,0.0,0.0,7.0
1056,G,14818,2014-07-07T14:48:28Z,False,0,L3,2,0.0,1.0,6.0
1057,H,14819,2014-07-07T19:42:19Z,False,0,L4,3,0.0,0.0,6.0
1058,G,14820,2014-07-07T20:13:09Z,False,0,L1,0,0.0,1.0,6.0
1059,E,14821,2014-07-07T21:13:03Z,True,0,L1,0,53.0,0.0,6.0
1060,J,14822,2014-07-07T21:28:19Z,False,0,L1,0,0.0,0.0,7.0
1061,C,14823,2014-07-07T22:01:54Z,False,0,L2,1,0.0,0.0,5.0
1062,J,14824,2014-07-07T22:32:34Z,False,0,L1,0,0.0,0.0,7.0
1063,G,14825,2014-07-08T00:04:07Z,False,0,L1,0,0.0,1.0,6.0
1064,D,14826,2014-07-08T03:51:05Z,True,0,L1,0,69.0,0.0,6.0
1065,J,14827,2014-07-08T13:52:35Z,False,0,L3,2,0.0,0.0,7.0
1066,H,14828,2014-07-08T19:56:53Z,False,0,L2,1,0.0,0.0,6.0
1067,E,14829,2014-07-08T20:33:36Z,True,0,L1,0,53.0,0.0,6.0
1068,C,14830,2014-07-08T21:10:50Z,False,0,L1,0,0.0,0.0,5.0
1069,J,14831,2014-07-08T22:16:19Z,False,0,L3,2,0.0,0.0,7.0
1070,G,14832,2014-07-09T00:50:11Z,False,0,L4,3,0.0,1.0,6.0
1071,G,14833,2014-07-09T03:00:36Z,False,0,L1,0,0.0,1.0,6.0
1072,D,14834,2014-07-09T05:47:00Z,True,0,L4,3,69.0,0.0,6.0
1073,J,14835,2014-07-09T12:31:44Z,False,0,L2,1,0.0,0.0,7.0
1074,J,14836,2014-07-09T13:45:50Z,False,0,L1,0,0.0,0.0,7.0
1075,H,14837,2014-07-09T18:35:30Z,False,0,L3,2,0.0,0.0,6.0
1076,J,14838,2014-07-09T21:35:18Z,False,0,L2,1,0.0,0.0,7.0
1077,G,14839,2014-07-09T21:52:23Z,False,0,L1,0,0.0,1.0,6.0
1078,J,14840,2014-07-09T22:54:16Z,False,0,L1,0,0.0,0.0,7.0
1079,E,14841,2014-07-09T22:54:27Z,True,0,L1,0,54.0,0.0,6.0
1080,G,14842,2014-07-10T00:45:02Z,False,0,L4,3,0.0,1.0,6.0
1081,D,14843,2014-07-10T04:53:35Z,True,0,L6,5,69.0,0.0,6.0
1082,G,14844,2014-07-10T15:01:31Z,False,0,L1,0,0.0,1.0,6.0
1083,H,14845,2014-07-10T16:21:23Z,False,0,L3,2,0.0,0.0,6.0
1084,G,14846,2014-07-10T21:02:18Z,False,0,L3,2,0.0,1.0,6.0
1085,I,14847,2014-07-10T23:30:02Z,False,0,L1,0,0.0,0.0,6.0
1086,H,14848,2014-07-11T00:24:39Z,False,0,L2,1,0.0,0.0,6.0
1087,J,14849,2014-07-11T12:33:04Z,False,0,L4,3,0.0,0.0,7.0
1088,J,14850,2014-07-11T13:55:25Z,False,0,L3,2,0.0,0.0,7.0
1089,G,14851,2014-07-11T18:43:12Z,False,0,L1,0,0.0,1.0,6.0
1090,E,14852,2014-07-11T21:08:30Z,True,0,L2,1,53.0,0.0,6.0
1091,J,14853,2014-07-11T21:23:31Z,False,0,L1,0,0.0,0.0,7.0
1092,J,14854,2014-07-11T22:43:18Z,False,0,L5,4,0.0,0.0,7.0
1093,H,14855,2014-07-11T23:10:02Z,False,0,L4,3,0.0,0.0,6.0
1094,H,14856,2014-07-12T01:27:00Z,False,0,L1,0,0.0,0.0,6.0
1095,D,14857,2014-07-12T05:56:05Z,True,0,L4,3,68.0,0.0,6.0
1096,G,14858,2014-07-12T08:37:23Z,False,0,L4,3,0.0,1.0,6.0
1097,C,14859,2014-07-12T15:50:10Z,False,0,L1,0,0.0,0.0,5.0
1098,I,14860,2014-07-12T17:48:19Z,False,0,L2,1,0.0,0.0,6.0
1099,H,14861,2014-07-12T18:27:42Z,False,0,L4,3,0.0,0.0,6.0
1100,H,14862,2014-07-13T00:49:02Z,False,0,L1,0,0.0,0.0,6.0
1101,J,14863,2014-07-13T04:07:41Z,False,0,L3,2,0.0,0.0,7.0
1102,E,14864,2014-07-13T05:17:06Z,True,0,L3,2,53.0,0.0,5.0
1103,H,14865,2014-07-13T22:18:32Z,False,0,L1,0,0.0,0.0,6.0
1104,E,14866,2014-07-14T02:41:20Z,True,0,L4,3,54.0,0.0,5.0
1105,D,14867,2014-07-14T03:52:09Z,True,0,L3,2,68.0,0.0,6.0
1106,J,14868,2014-07-14T09:28:52Z,False,0,L5,4,0.0,0.0,7.0
1107,J,14869,2014-07-14T10:37:13Z,False,0,L1,0,0.0,0.0,7.0
1108,J,14870,2014-07-14T11:39:27Z,False,0,L5,4,0.0,0.0,7.0
1109,J,14871,2014-07-14T13:27:06Z,False,0,L2,1,0.0,0.0,7.0
1110,H,14872,2014-07-14T14:20:07Z,False,0,L3,2,0.0,0.0,6.0
1111,G,14873,2014-07-14T14:46:28Z,False,1,L1,0,0.0,1.0,6.0
1112,J,14874,2014-07-14T16:07:55Z,False,0,L2,1,0.0,0.0,7.0
1113,H,14875,2014-07-14T19:29:42Z,False,0,L3,2,0.0,0.0,6.0
1114,G,14876,2014-07-14T21:53:31Z,False,0,L1,0,0.0,2.0,6.0
1115,G,14877,2014-07-14T23:34:41Z,False,0,L1,0,0.0,2.0,6.0
1116,E,14878,2014-07-14T23:54:05Z,True,0,L5,4,55.0,0.0,5.0
1117,H,14879,2014-07-15T01:09:47Z,False,0,L5,4,0.0,0.0,6.0
1118,D,14880,2014-07-15T05:49:51Z,True,0,L1,0,68.0,0.0,6.0
1119,C,14881,2014-07-15T20:51:52Z,False,0,L2,1,0.0,0.0,5.0
1120,D,14882,2014-07-16T05:49:41Z,True,0,L3,2,68.0,0.0,6.0
1121,G,14883,2014-07-16T06:45:08Z,False,0,L2,1,0.0,2.0,6.0
1122,G,14884,2014-07-16T13:31:01Z,False,0,L4,3,0.0,2.0,6.0
1123,H,14885,2014-07-16T19:34:23Z,False,0,L1,0,0.0,0.0,6.0
1124,I,14886,2014-07-16T20:46:26Z,False,0,L5,4,0.0,0.0,6.0
1125,C,14887,2014-07-16T21:15:16Z,False,0,L5,4,0.0,0.0,5.0
1126,H,14888,2014-07-16T22:42:55Z,False,0,L4,3,0.0,0.0,6.0
1127,E,14889,2014-07-16T22:53:43Z,True,0,L5,4,54.0,0.0,5.0
1128,H,14890,2014-07-17T02:52:29Z,False,0,L1,0,0.0,0.0,6.0
1129,G,14891,2014-07-17T03:15:07Z,False,0,L4,3,0.0,2.0,6.0
1130,D,14892,2014-07-17T05:51:07Z,True,0,L1,0,68.0,0.0,6.0
1131,E,14893,2014-07-17T19:58:36Z,True,0,L3,2,55.0,0.0,5.0
1132,G,14894,2014-07-17T21:07:33Z,False,0,L3,2,0.0,2.0,6.0
1133,I,14895,2014-07-17T22:52:56Z,False,0,L1,0,0.0,0.0,6.0
1134,H,14896,2014-07-18T00:31:01Z,False,0,L4,3,0.0,0.0,6.0
1135,I,14897,2014-07-18T04:59:45Z,False,0,L4,3,0.0,0.0,6.0
1136,D,14898,2014-07-18T05:49:21Z,True,0,L1,0,69.0,0.0,6.0
1137,G,14899,2014-07-18T05:58:23Z,False,0,L1,0,0.0,2.0,6.0
1138,G,14900,2014-07-18T14:50:06Z,False,0,L1,0,0.0,2.0,6.0
1139,H,14901,2014-07-18T21:12:03Z,False,0,L4,3,0.0,0.0,6.0
1140,I,14902,2014-07-18T21:33:16Z,False,0,L1,0,0.0,0.0,6.0
1141,E,14903,2014-07-19T00:36:22Z,True,0,L2,1,56.0,0.0,5.0
1142,H,14904,2014-07-19T01:29:35Z,False,0,L4,3,0.0,0.0,6.0
1143,D,14905,2014-07-19T04:24:12Z,True,0,L3,2,69.0,0.0,6.0
1144,G,14906,2014-07-19T06:40:53Z,False,0,L1,0,0.0,2.0,6.0
1145,C,14907,2014-07-19T13:06:38Z,False,0,L1,0,0.0,0.0,5.0
1146,G,14908,2014-07-19T14:42:07Z,False,0,L1,0,0.0,2.0,6.0
1147,E,14909,2014-07-19T15:13:30Z,True,0,L1,0,57.0,0.0,5.0
1148,I,14910,2014-07-19T15:22:45Z,False,0,L4,3,0.0,0.0,6.0
1149,H,14911,2014-07-19T18:32:57Z,False,0,L1,0,0.0,0.0,6.0
1150,H,14912,2014-07-20T17:13:46Z,False,0,L5,4,0.0,0.0,6.0
1151,H,14913,2014-07-20T21:15:14Z,False,0,L1,0,0.0,0.0,6.0
1152,I,14914,2014-07-20T22:46:34Z,False,0,L6,5,0.0,0.0,6.0
1153,J,14915,2014-07-21T00:25:18Z,False,0,L5,4,0.0,0.0,7.0
1154,H,14916,2014-07-21T00:38:07Z,False,0,L4,3,0.0,0.0,6.0
1155,D,14917,2014-07-21T04:23:06Z,True,0,L2,1,69.0,0.0,6.0
1156,J,14918,2014-07-21T09:30:41Z,False,0,L4,3,0.0,0.0,7.0
1157,J,14919,2014-07-21T10:32:06Z,False,0,L4,3,0.0,0.0,7.0
1158,J,14920,2014-07-21T11:32:25Z,False,0,L5,4,0.0,0.0,7.0
1159,J,14921,2014-07-21T13:32:30Z,False,0,L1,0,0.0,0.0,7.0
1160,H,14922,2014-07-21T18:28:12Z,False,0,L4,3,0.0,0.0,6.0
1161,E,14923,2014-07-21T21:07:18Z,True,0,L4,3,57.0,0.0,5.0
1162,J,14924,2014-07-21T21:32:20Z,False,0,L1,0,0.0,0.0,7.0
1163,J,14925,2014-07-21T22:40:12Z,False,0,L4,3,0.0,0.0,7.0
1164,H,14926,2014-07-22T01:33:58Z,False,0,L1,0,0.0,0.0,6.0
1165,G,14927,2014-07-22T05:25:11Z,False,0,L1,0,0.0,2.0,6.0
1166,D,14928,2014-07-22T05:56:17Z,True,0,L1,0,69.0,0.0,6.0
1167,G,14929,2014-07-22T06:16:11Z,False,0,L1,0,0.0,2.0,6.0
1168,G,14930,2014-07-22T15:31:28Z,False,0,L3,2,0.0,2.0,6.0
1169,G,14931,2014-07-22T16:53:51Z,False,0,L4,3,0.0,2.0,6.0
1170,I,14932,2014-07-22T21:59:19Z,False,0,L1,0,0.0,0.0,6.0
1171,G,14933,2014-07-22T23:43:03Z,False,0,L3,2,0.0,2.0,6.0
1172,D,14934,2014-07-23T05:48:19Z,True,0,L5,4,70.0,0.0,6.0
1173,J,14935,2014-07-23T12:26:01Z,False,0,L2,1,0.0,0.0,7.0
1174,J,14936,2014-07-23T13:52:45Z,False,0,L1,0,0.0,0.0,7.0
1175,I,14937,2014-07-23T16:29:48Z,False,0,L1,0,0.0,0.0,6.0
1176,H,14938,2014-07-23T20:11:01Z,False,0,L4,3,0.0,0.0,6.0
1177,J,14939,2014-07-23T21:37:05Z,False,0,L6,5,0.0,0.0,7.0
1178,H,14940,2014-07-23T21:49:28Z,False,0,L4,3,0.0,0.0,6.0
1179,J,14941,2014-07-23T22:39:32Z,False,0,L6,5,0.0,0.0,7.0
1180,H,14942,2014-07-23T23:46:41Z,False,0,L4,3,0.0,0.0,6.0
1181,H,14943,2014-07-24T01:23:21Z,False,0,L1,0,0.0,0.0,6.0
1182,E,14944,2014-07-24T02:04:11Z,True,0,L4,3,57.0,0.0,5.0
1183,D,14945,2014-07-24T05:48:54Z,True,0,L1,0,70.0,0.0,6.0
1184,E,14946,2014-07-24T22:33:07Z,True,0,L3,2,58.0,0.0,5.0
1185,I,14947,2014-07-25T00:26:52Z,False,0,L5,4,0.0,0.0,6.0
1186,J,14948,2014-07-25T00:31:42Z,False,0,L4,3,0.0,0.0,7.0
1187,D,14949,2014-07-25T03:57:08Z,True,0,L4,3,70.0,0.0,6.0
1188,I,14950,2014-07-25T04:41:18Z,False,0,L1,0,0.0,0.0,6.0
1189,J,14951,2014-07-25T12:18:27Z,False,0,L2,1,0.0,0.0,7.0
1190,J,14952,2014-07-25T13:58:32Z,False,0,L4,3,0.0,0.0,7.0
1191,L,14953,2014-07-25T15:32:58Z,True,0,L3,2,2.0,0.0,1.0
1192,E,14954,2014-07-25T18:53:38Z,True,0,L1,0,58.0,0.0,5.0
1193,J,14955,2014-07-25T21:34:01Z,False,0,L1,0,0.0,0.0,7.0
1194,J,14956,2014-07-25T22:42:12Z,False,0,L2,1,0.0,0.0,7.0
1195,H,14957,2014-07-25T23:30:46Z,False,0,L3,2,0.0,0.0,6.0
1196,H,14958,2014-07-26T02:54:38Z,False,0,L1,0,0.0,0.0,6.0
1197,D,14959,2014-07-26T05:48:42Z,True,0,L1,0,70.0,0.0,6.0
1198,H,14960,2014-07-26T16:13:51Z,False,0,L5,4,0.0,0.0,6.0
1199,E,14961,2014-07-26T16:14:57Z,True,0,L4,3,59.0,0.0,5.0
1200,H,14962,2014-07-26T20:49:15Z,False,0,L1,0,0.0,0.0,6.0
1201,I,14963,2014-07-26T21:00:16Z,False,0,L4,3,0.0,0.0,6.0
1202,J,14964,2014-07-26T22:45:39Z,False,0,L3,2,0.0,0.0,7.0
1203,H,14965,2014-07-27T00:38:34Z,False,0,L1,0,0.0,0.0,6.0
1204,H,14966,2014-07-27T02:14:22Z,False,0,L5,4,0.0,0.0,6.0
1205,D,14967,2014-07-27T03:59:45Z,True,0,L2,1,70.0,0.0,6.0
1206,E,14968,2014-07-27T13:18:20Z,True,0,L5,4,60.0,0.0,5.0
1207,E,14969,2014-07-27T23:18:35Z,True,0,L4,3,61.0,0.0,5.0
1208,J,14970,2014-07-28T09:40:08Z,False,0,L1,0,0.0,0.0,7.0
1209,J,14971,2014-07-28T10:52:37Z,False,0,L3,2,0.0,0.0,7.0
1210,J,14972,2014-07-28T11:43:29Z,False,0,L2,1,0.0,0.0,7.0
1211,J,14973,2014-07-28T13:46:08Z,False,0,L6,5,0.0,0.0,7.0
1212,H,14974,2014-07-28T19:36:15Z,False,0,L1,0,0.0,0.0,6.0
1213,J,14975,2014-07-28T21:34:13Z,False,0,L1,0,0.0,0.0,7.0
1214,J,14976,2014-07-28T22:46:33Z,False,0,L5,4,0.0,0.0,7.0
1215,E,14977,2014-07-29T02:20:10Z,True,0,L4,3,60.0,0.0,5.0
1216,D,14978,2014-07-29T03:57:01Z,True,0,L1,0,69.0,0.0,6.0
1217,J,14979,2014-07-29T16:24:52Z,False,0,L1,0,0.0,0.0,7.0
1218,I,14980,2014-07-29T17:58:33Z,False,0,L1,0,0.0,0.0,6.0
1219,I,14981,2014-07-29T22:40:34Z,False,0,L5,4,0.0,0.0,6.0
1220,E,14982,2014-07-29T23:55:20Z,True,0,L1,0,61.0,0.0,5.0
1221,H,14983,2014-07-30T01:53:06Z,False,0,L3,2,0.0,0.0,6.0
1222,D,14984,2014-07-30T07:49:45Z,True,0,L4,3,70.0,0.0,6.0
1223,J,14985,2014-07-30T12:32:33Z,False,0,L1,0,0.0,0.0,7.0
1224,J,14986,2014-07-30T13:45:19Z,False,0,L6,5,0.0,0.0,7.0
1225,H,14987,2014-07-30T15:43:13Z,False,0,L5,4,0.0,0.0,6.0
1226,I,14988,2014-07-30T17:03:13Z,False,0,L3,2,0.0,0.0,6.0
1227,H,14989,2014-07-30T18:41:18Z,False,0,L1,0,0.0,0.0,6.0
1228,J,14990,2014-07-30T19:09:35Z,False,0,L2,1,0.0,0.0,7.0
1229,E,14991,2014-07-30T23:31:47Z,True,0,L4,3,62.0,0.0,5.0
1230,H,14992,2014-07-30T23:49:11Z,False,0,L5,4,0.0,0.0,6.0
1231,H,14993,2014-07-31T01:22:30Z,False,0,L1,0,0.0,0.0,6.0
1232,G,14994,2014-07-31T05:00:46Z,False,0,L1,0,0.0,2.0,6.0
1233,D,14995,2014-07-31T07:47:18Z,True,0,L3,2,70.0,0.0,6.0
1234,H,14996,2014-07-31T16:32:53Z,False,0,L5,4,0.0,0.0,6.0
1235,I,14997,2014-07-31T18:08:50Z,False,0,L4,3,0.0,0.0,6.0
1236,C,14998,2014-07-31T22:17:36Z,False,0,L3,2,0.0,0.0,5.0
1237,J,14999,2014-08-01T12:26:37Z,False,0,L4,3,0.0,0.0,7.0
1238,J,15000,2014-08-01T13:39:49Z,False,0,L4,3,0.0,0.0,7.0
1239,J,15001,2014-08-01T15:32:04Z,False,0,L1,0,0.0,0.0,7.0
1240,I,15002,2014-08-01T17:26:47Z,False,0,L5,4,0.0,0.0,6.0
1241,J,15003,2014-08-01T21:32:39Z,False,0,L1,0,0.0,0.0,7.0
1242,I,15004,2014-08-01T21:45:57Z,False,0,L5,4,0.0,0.0,6.0
1243,J,15005,2014-08-01T22:38:05Z,False,0,L2,1,0.0,0.0,7.0
1244,H,15006,2014-08-01T23:47:30Z,False,0,L1,0,0.0,0.0,6.0
1245,H,15007,2014-08-02T02:50:39Z,False,0,L5,4,0.0,0.0,6.0
1246,E,15008,2014-08-02T04:26:48Z,True,0,L3,2,62.0,0.0,5.0
1247,D,15009,2014-08-02T05:49:21Z,True,0,L5,4,69.0,0.0,6.0
1248,J,15010,2014-08-02T16:04:03Z,False,0,L1,0,0.0,0.0,7.0
1249,H,15011,2014-08-02T17:33:56Z,False,0,L3,2,0.0,0.0,6.0
1250,J,15012,2014-08-02T17:37:26Z,False,0,L3,2,0.0,0.0,7.0
1251,I,15013,2014-08-02T18:11:05Z,False,0,L3,2,0.0,0.0,6.0
1252,J,15014,2014-08-02T21:16:45Z,False,0,L1,0,0.0,0.0,7.0
1253,F,15015,2014-08-03T00:27:28Z,True,0,L1,0,1.0,0.0,6.0
1254,I,15016,2014-08-03T01:44:46Z,False,0,L3,2,0.0,0.0,6.0
1255,D,15017,2014-08-03T05:52:35Z,True,0,L1,0,69.0,0.0,6.0
1256,A,15018,2014-08-03T15:36:08Z,True,0,L3,2,2.0,0.0,2.0
1257,E,15019,2014-08-03T19:06:45Z,True,0,L1,0,63.0,0.0,5.0
1258,H,15020,2014-08-03T20:40:40Z,False,0,L1,0,0.0,0.0,6.0
1259,F,15021,2014-08-03T21:57:51Z,False,0,L2,1,2.0,0.0,6.0
1260,D,15022,2014-08-04T03:19:38Z,True,0,L3,2,70.0,0.0,6.0
1261,J,15023,2014-08-04T09:33:05Z,False,0,L3,2,0.0,0.0,7.0
1262,J,15024,2014-08-04T10:28:14Z,False,0,L3,2,0.0,0.0,7.0
1263,J,15025,2014-08-04T11:33:25Z,False,0,L1,0,0.0,0.0,7.0
1264,J,15026,2014-08-04T14:34:34Z,False,0,L4,3,0.0,0.0,7.0
1265,I,15027,2014-08-04T17:49:09Z,False,0,L4,3,0.0,0.0,6.0
1266,J,15028,2014-08-04T21:30:32Z,False,0,L2,1,0.0,0.0,7.0
1267,J,15029,2014-08-04T22:38:10Z,False,0,L4,3,0.0,0.0,7.0
1268,H,15030,2014-08-05T01:52:26Z,False,0,L2,1,0.0,0.0,6.0
1269,D,15031,2014-08-05T03:50:52Z,True,0,L1,0,70.0,0.0,6.0
1270,J,15032,2014-08-05T12:31:37Z,False,0,L1,0,0.0,0.0,7.0
1271,J,15033,2014-08-05T13:54:07Z,False,0,L3,2,0.0,0.0,7.0
1272,F,15034,2014-08-05T14:05:55Z,False,0,L1,0,2.0,0.0,6.0
1273,H,15035,2014-08-05T15:18:05Z,False,0,L4,3,0.0,0.0,6.0
1274,J,15036,2014-08-05T16:50:35Z,False,0,L3,2,0.0,0.0,7.0
1275,I,15037,2014-08-05T17:25:20Z,False,0,L3,2,0.0,0.0,6.0
1276,F,15038,2014-08-05T18:04:34Z,False,0,L1,0,2.0,0.0,6.0
1277,E,15039,2014-08-05T19:41:50Z,True,0,L3,2,61.0,0.0,5.0
1278,I,15040,2014-08-05T21:33:10Z,False,0,L1,0,0.0,0.0,6.0
1279,J,15041,2014-08-05T21:34:24Z,False,0,L1,0,0.0,0.0,7.0
1280,H,15042,2014-08-05T22:16:12Z,False,0,L5,4,0.0,0.0,6.0
1281,G,15043,2014-08-05T22:27:52Z,False,0,L1,0,0.0,2.0,6.0
1282,J,15044,2014-08-05T23:04:08Z,False,0,L1,0,0.0,0.0,7.0
1283,C,15045,2014-08-06T00:45:55Z,False,0,L1,0,0.0,0.0,5.0
1284,E,15046,2014-08-06T01:08:23Z,True,0,L1,0,62.0,0.0,5.0
1285,D,15047,2014-08-06T03:51:04Z,True,0,L3,2,70.0,0.0,6.0
1286,J,15048,2014-08-06T12:38:22Z,False,0,L3,2,0.0,0.0,7.0
1287,J,15049,2014-08-06T13:53:09Z,False,0,L3,2,0.0,0.0,7.0
1288,I,15050,2014-08-06T17:32:30Z,False,0,L1,0,0.0,0.0,6.0
1289,G,15051,2014-08-06T19:58:54Z,False,0,L4,3,0.0,2.0,6.0
1290,J,15052,2014-08-06T21:32:26Z,False,0,L1,0,0.0,0.0,7.0
1291,E,15053,2014-08-06T21:34:13Z,True,0,L1,0,63.0,0.0,5.0
1292,J,15054,2014-08-06T22:53:55Z,False,0,L1,0,0.0,0.0,7.0
1293,D,15055,2014-08-07T03:48:49Z,True,0,L3,2,71.0,0.0,6.0
1294,I,15056,2014-08-07T17:33:09Z,False,0,L5,4,0.0,0.0,6.0
1295,H,15057,2014-08-07T18:44:40Z,False,0,L1,0,0.0,0.0,6.0
1296,G,15058,2014-08-07T19:50:50Z,False,0,L4,3,0.0,2.0,6.0
1297,E,15059,2014-08-08T00:41:10Z,True,0,L1,0,63.0,0.0,5.0
1298,G,15060,2014-08-08T02:32:11Z,False,0,L3,2,0.0,2.0,6.0
1299,D,15061,2014-08-08T05:46:01Z,True,0,L1,0,71.0,0.0,6.0
1300,J,15062,2014-08-08T12:33:18Z,False,0,L5,4,0.0,0.0,7.0
1301,J,15063,2014-08-08T13:52:10Z,False,0,L6,5,0.0,0.0,7.0
1302,G,15064,2014-08-08T14:42:51Z,False,0,L4,3,0.0,2.0,6.0
1303,F,15065,2014-08-08T16:53:40Z,False,0,L1,0,2.0,0.0,6.0
1304,I,15066,2014-08-08T17:35:06Z,False,0,L1,0,0.0,0.0,6.0
1305,E,15067,2014-08-08T19:39:17Z,True,0,L2,1,64.0,0.0,5.0
1306,G,15068,2014-08-08T20:10:21Z,False,0,L3,2,0.0,2.0,6.0
1307,H,15069,2014-08-08T21:03:22Z,False,0,L2,1,0.0,0.0,6.0
1308,J,15070,2014-08-08T21:34:33Z,False,0,L2,1,0.0,0.0,7.0
1309,J,15071,2014-08-08T22:49:23Z,False,0,L4,3,0.0,0.0,7.0
1310,I,15072,2014-08-09T03:19:12Z,False,0,L1,0,0.0,0.0,6.0
1311,D,15073,2014-08-09T03:49:31Z,True,0,L3,2,71.0,0.0,6.0
1312,G,15074,2014-08-09T05:23:36Z,False,0,L1,0,0.0,2.0,6.0
1313,I,15075,2014-08-09T15:49:54Z,False,0,L1,0,0.0,0.0,6.0
1314,I,15076,2014-08-09T20:36:40Z,False,0,L1,0,0.0,0.0,6.0
1315,F,15077,2014-08-10T03:20:14Z,False,0,L1,0,2.0,0.0,6.0
1316,D,15078,2014-08-10T03:51:50Z,True,0,L1,0,72.0,0.0,6.0
1317,F,15079,2014-08-10T16:51:43Z,False,0,L4,3,2.0,0.0,6.0
1318,H,15080,2014-08-10T17:34:48Z,False,0,L3,2,0.0,0.0,6.0
1319,I,15081,2014-08-10T18:02:32Z,False,0,L4,3,0.0,0.0,6.0
1320,F,15082,2014-08-10T19:38:31Z,False,0,L1,0,2.0,0.0,6.0
1321,L,15083,2014-08-10T20:52:19Z,True,0,L4,3,3.0,0.0,1.0
1322,I,15084,2014-08-10T21:05:33Z,False,0,L2,1,0.0,0.0,6.0
1323,E,15085,2014-08-11T00:19:00Z,True,0,L2,1,63.0,0.0,5.0
1324,D,15086,2014-08-11T03:53:05Z,True,0,L4,3,73.0,0.0,6.0
1325,J,15087,2014-08-11T09:32:51Z,False,0,L5,4,0.0,0.0,7.0
1326,J,15088,2014-08-11T10:25:26Z,False,0,L5,4,0.0,0.0,7.0
1327,J,15089,2014-08-11T11:31:50Z,False,0,L5,4,0.0,0.0,7.0
1328,J,15090,2014-08-11T13:35:02Z,False,0,L2,1,0.0,0.0,7.0
1329,G,15091,2014-08-11T14:29:58Z,False,0,L4,3,0.0,2.0,6.0
1330,I,15092,2014-08-11T15:11:28Z,False,0,L4,3,0.0,0.0,6.0
1331,I,15093,2014-08-11T17:04:03Z,False,0,L1,0,0.0,0.0,6.0
1332,F,15094,2014-08-11T20:42:28Z,False,0,L2,1,2.0,0.0,6.0
1333,E,15095,2014-08-11T21:12:54Z,True,0,L2,1,64.0,0.0,5.0
1334,J,15096,2014-08-11T21:31:25Z,False,0,L4,3,0.0,0.0,7.0
1335,J,15097,2014-08-11T22:34:27Z,False,0,L3,2,0.0,0.0,7.0
1336,F,15098,2014-08-11T23:41:19Z,False,0,L1,0,2.0,0.0,6.0
1337,G,15099,2014-08-12T00:03:11Z,False,0,L1,0,0.0,2.0,6.0
1338,I,15100,2014-08-12T01:49:20Z,False,0,L4,3,0.0,0.0,6.0
1339,D,15101,2014-08-12T07:50:31Z,True,0,L4,3,73.0,0.0,6.0
1340,I,15102,2014-08-12T13:25:27Z,False,0,L5,4,0.0,0.0,6.0
1341,I,15103,2014-08-12T16:07:46Z,False,0,L1,0,0.0,0.0,6.0
1342,J,15104,2014-08-12T16:31:32Z,False,0,L3,2,0.0,0.0,7.0
1343,F,15105,2014-08-12T16:36:46Z,False,0,L4,3,2.0,0.0,6.0
1344,G,15106,2014-08-12T18:33:02Z,False,0,L4,3,0.0,2.0,6.0
1345,E,15107,2014-08-12T19:42:21Z,True,0,L2,1,65.0,0.0,5.0
1346,H,15108,2014-08-12T19:58:08Z,False,0,L1,0,0.0,0.0,6.0
1347,H,15109,2014-08-12T22:59:40Z,False,0,L1,0,0.0,0.0,6.0
1348,G,15110,2014-08-13T00:33:20Z,False,0,L3,2,0.0,2.0,6.0
1349,D,15111,2014-08-13T07:45:14Z,True,0,L4,3,73.0,0.0,6.0
1350,J,15112,2014-08-13T12:31:09Z,False,0,L1,0,0.0,0.0,7.0
1351,J,15113,2014-08-13T14:18:33Z,False,0,L3,2,0.0,0.0,7.0
1352,G,15114,2014-08-13T14:50:01Z,False,0,L1,0,0.0,2.0,6.0
1353,F,15115,2014-08-13T16:38:24Z,False,0,L1,0,2.0,0.0,6.0
1354,I,15116,2014-08-13T17:05:19Z,False,0,L3,2,0.0,0.0,6.0
1355,H,15117,2014-08-13T18:48:20Z,False,0,L1,0,0.0,0.0,6.0
1356,G,15118,2014-08-13T21:07:12Z,False,0,L1,0,0.0,2.0,6.0
1357,G,15119,2014-08-13T21:25:01Z,False,0,L4,3,0.0,2.0,6.0
1358,J,15120,2014-08-13T21:31:00Z,False,0,L4,3,0.0,0.0,7.0
1359,J,15121,2014-08-13T22:53:01Z,False,0,L1,0,0.0,0.0,7.0
1360,E,15122,2014-08-14T00:17:32Z,True,0,L4,3,64.0,0.0,5.0
1361,H,15123,2014-08-14T00:18:58Z,False,0,L5,4,0.0,0.0,6.0
1362,F,15124,2014-08-14T16:26:20Z,False,0,L1,0,2.0,0.0,6.0
1363,H,15125,2014-08-14T16:44:33Z,False,0,L4,3,0.0,0.0,6.0
1364,I,15126,2014-08-14T17:00:05Z,False,0,L2,1,0.0,0.0,6.0
1365,G,15127,2014-08-14T18:51:12Z,False,0,L4,3,0.0,2.0,6.0
1366,G,15128,2014-08-14T23:00:17Z,False,0,L1,0,0.0,2.0,6.0
1367,E,15129,2014-08-15T00:14:14Z,True,0,L1,0,65.0,0.0,5.0
1368,D,15130,2014-08-15T07:47:54Z,True,0,L2,1,73.0,0.0,6.0
1369,J,15131,2014-08-15T12:33:13Z,False,0,L1,0,0.0,0.0,7.0
1370,G,15132,2014-08-15T13:10:18Z,False,0,L1,0,0.0,2.0,6.0
1371,J,15133,2014-08-15T13:41:44Z,False,0,L3,2,0.0,0.0,7.0
1372,I,15134,2014-08-15T16:33:43Z,False,0,L1,0,0.0,0.0,6.0
1373,G,15135,2014-08-15T19:24:21Z,False,0,L4,3,0.0,2.0,6.0
1374,E,15136,2014-08-15T20:52:27Z,True,0,L4,3,66.0,0.0,5.0
1375,J,15137,2014-08-15T21:34:32Z,False,0,L1,0,0.0,0.0,7.0
1376,J,15138,2014-08-15T22:52:59Z,False,0,L1,0,0.0,0.0,7.0
1377,H,15139,2014-08-16T00:48:22Z,False,0,L1,0,0.0,0.0,6.0
1378,D,15140,2014-08-16T03:51:15Z,True,0,L1,0,73.0,0.0,6.0
1379,J,15141,2014-08-16T12:26:41Z,False,0,L6,5,0.0,0.0,7.0
1380,J,15142,2014-08-16T13:45:54Z,False,0,L1,0,0.0,0.0,7.0
1381,F,15143,2014-08-16T16:44:49Z,False,0,L2,1,2.0,0.0,6.0
1382,G,15144,2014-08-16T18:12:00Z,False,0,L1,0,0.0,2.0,6.0
1383,I,15145,2014-08-16T19:54:08Z,False,0,L1,0,0.0,0.0,6.0
1384,J,15146,2014-08-16T20:32:19Z,False,0,L3,2,0.0,0.0,7.0
1385,J,15147,2014-08-16T22:05:36Z,False,0,L1,0,0.0,0.0,7.0
1386,F,15148,2014-08-17T00:57:48Z,False,0,L1,0,2.0,0.0,6.0
1387,H,15149,2014-08-17T03:21:00Z,False,0,L4,3,0.0,0.0,6.0
1388,D,15150,2014-08-17T07:47:51Z,True,0,L1,0,73.0,0.0,6.0
1389,J,15151,2014-08-17T16:48:50Z,False,0,L4,3,0.0,0.0,7.0
1390,F,15152,2014-08-17T18:19:29Z,False,0,L1,0,2.0,0.0,6.0
1391,E,15153,2014-08-17T20:30:21Z,True,0,L2,1,66.0,0.0,5.0
1392,D,15154,2014-08-18T03:21:42Z,True,0,L1,0,73.0,0.0,6.0
1393,F,15155,2014-08-18T15:09:17Z,False,0,L4,3,2.0,0.0,6.0
1394,I,15156,2014-08-18T18:10:52Z,False,0,L1,0,0.0,0.0,6.0
1395,H,15157,2014-08-18T18:22:38Z,False,0,L4,3,0.0,0.0,6.0
1396,F,15158,2014-08-18T21:57:19Z,False,0,L1,0,2.0,0.0,6.0
1397,H,15159,2014-08-19T00:25:18Z,False,0,L1,0,0.0,0.0,6.0
1398,I,15160,2014-08-19T00:38:05Z,False,0,L4,3,0.0,0.0,6.0
1399,E,15161,2014-08-19T03:58:58Z,True,0,L4,3,66.0,0.0,5.0
1400,D,15162,2014-08-19T07:07:19Z,True,0,L3,2,73.0,0.0,6.0
1401,F,15163,2014-08-19T14:59:25Z,False,0,L1,0,2.0,0.0,6.0
1402,I,15164,2014-08-19T17:08:29Z,False,0,L3,2,0.0,0.0,6.0
1403,E,15165,2014-08-19T20:16:01Z,True,0,L1,0,67.0,0.0,5.0
1404,I,15166,2014-08-19T21:24:37Z,False,0,L1,0,0.0,0.0,6.0
1405,F,15167,2014-08-19T21:58:00Z,False,0,L1,0,2.0,0.0,6.0
1406,E,15168,2014-08-19T23:46:54Z,True,0,L1,0,68.0,0.0,5.0
1407,I,15169,2014-08-20T01:42:25Z,False,0,L3,2,0.0,0.0,6.0
1408,D,15170,2014-08-20T06:05:14Z,True,0,L1,0,72.0,0.0,6.0
1409,F,15171,2014-08-20T15:01:24Z,False,0,L4,3,2.0,0.0,6.0
1410,A,15172,2014-08-20T16:55:02Z,True,0,L1,0,3.0,0.0,2.0
1411,I,15173,2014-08-20T17:00:25Z,False,0,L1,0,0.0,0.0,6.0
1412,H,15174,2014-08-20T18:48:30Z,False,0,L1,0,0.0,0.0,6.0
1413,H,15175,2014-08-21T00:22:44Z,False,0,L1,0,0.0,0.0,6.0
1414,E,15176,2014-08-21T00:59:47Z,True,0,L1,0,67.0,0.0,5.0
1415,H,15177,2014-08-21T02:35:39Z,False,0,L4,3,0.0,0.0,6.0
1416,F,15178,2014-08-21T03:14:13Z,False,0,L3,2,2.0,0.0,6.0
1417,D,15179,2014-08-21T05:54:57Z,True,0,L1,0,73.0,0.0,6.0
1418,I,15180,2014-08-21T13:58:33Z,False,0,L1,0,0.0,0.0,6.0
1419,F,15181,2014-08-21T15:07:18Z,False,0,L5,4,2.0,0.0,6.0
1420,H,15182,2014-08-21T15:07:46Z,False,0,L1,0,0.0,0.0,6.0
1421,I,15183,2014-08-21T18:15:49Z,False,0,L4,3,0.0,0.0,6.0
1422,E,15184,2014-08-21T19:58:25Z,True,0,L2,1,68.0,0.0,5.0
1423,H,15185,2014-08-21T20:19:19Z,False,0,L5,4,0.0,0.0,6.0
1424,F,15186,2014-08-21T21:17:22Z,False,0,L4,3,2.0,0.0,6.0
1425,G,15187,2014-08-21T23:26:23Z,False,0,L6,5,0.0,1.0,6.0
1426,D,15188,2014-08-22T07:46:25Z,True,0,L1,0,73.0,0.0,6.0
1427,G,15189,2014-08-22T12:24:53Z,False,0,L1,0,0.0,1.0,6.0
1428,H,15190,2014-08-22T14:30:09Z,False,0,L5,4,0.0,0.0,6.0
1429,F,15191,2014-08-22T15:15:29Z,False,0,L2,1,2.0,0.0,6.0
1430,G,15192,2014-08-22T17:30:01Z,False,0,L1,0,0.0,1.0,6.0
1431,G,15193,2014-08-22T19:45:08Z,False,0,L2,1,0.0,1.0,6.0
1432,I,15194,2014-08-22T20:47:55Z,False,0,L2,1,0.0,0.0,6.0
1433,H,15195,2014-08-22T21:13:34Z,False,0,L5,4,0.0,0.0,6.0
1434,E,15196,2014-08-22T22:33:52Z,True,0,L1,0,68.0,0.0,5.0
1435,G,15197,2014-08-23T00:44:32Z,False,0,L3,2,0.0,1.0,6.0
1436,D,15198,2014-08-23T07:48:01Z,True,0,L1,0,73.0,0.0,6.0
1437,I,15199,2014-08-23T20:19:28Z,False,0,L2,1,0.0,0.0,6.0
1438,G,15200,2014-08-23T22:17:24Z,False,0,L1,0,0.0,1.0,6.0
1439,F,15201,2014-08-23T22:40:11Z,False,0,L1,0,2.0,0.0,6.0
1440,H,15202,2014-08-24T02:09:24Z,False,0,L3,2,0.0,0.0,6.0
1441,D,15203,2014-08-24T07:48:20Z,True,0,L1,0,73.0,0.0,6.0
1442,F,15204,2014-08-24T17:01:51Z,False,0,L2,1,2.0,0.0,6.0
1443,E,15205,2014-08-24T18:29:01Z,True,0,L4,3,68.0,0.0,5.0
1444,F,15206,2014-08-24T20:07:36Z,False,0,L1,0,2.0,0.0,6.0
1445,I,15207,2014-08-24T22:24:31Z,False,0,L3,2,0.0,0.0,6.0
1446,I,15208,2014-08-25T01:05:36Z,False,0,L4,3,0.0,0.0,6.0
1447,E,15209,2014-08-25T01:43:21Z,True,0,L2,1,69.0,0.0,5.0
1448,D,15210,2014-08-25T07:15:11Z,True,0,L3,2,73.0,0.0,6.0
1449,G,15211,2014-08-25T12:43:16Z,False,0,L2,1,0.0,1.0,6.0
1450,I,15212,2014-08-25T18:39:11Z,False,0,L2,1,0.0,0.0,6.0
1451,F,15213,2014-08-25T19:03:40Z,False,0,L4,3,2.0,0.0,6.0
1452,F,15214,2014-08-25T19:42:09Z,False,0,L3,2,2.0,0.0,6.0
1453,G,15215,2014-08-25T19:43:06Z,False,0,L1,0,0.0,1.0,6.0
1454,G,15216,2014-08-25T21:39:55Z,False,0,L1,0,0.0,1.0,6.0
1455,H,15217,2014-08-25T23:18:34Z,False,0,L2,1,0.0,0.0,6.0
1456,I,15218,2014-08-26T00:14:02Z,False,0,L1,0,0.0,0.0,6.0
1457,G,15219,2014-08-26T00:43:45Z,False,0,L1,0,0.0,1.0,6.0
1458,E,15220,2014-08-26T02:26:10Z,True,0,L1,0,69.0,0.0,5.0
1459,D,15221,2014-08-26T03:52:40Z,True,0,L1,0,73.0,0.0,6.0
1460,L,15222,2014-08-26T15:20:59Z,True,0,L4,3,3.0,0.0,2.0
1461,H,15223,2014-08-26T18:11:22Z,False,0,L3,2,0.0,0.0,6.0
1462,I,15224,2014-08-26T18:43:39Z,False,0,L4,3,0.0,0.0,6.0
1463,G,15225,2014-08-26T21:03:22Z,False,0,L1,0,0.0,1.0,6.0
1464,I,15226,2014-08-26T22:35:48Z,False,0,L3,2,0.0,0.0,6.0
1465,I,15227,2014-08-27T00:41:49Z,False,0,L3,2,0.0,0.0,6.0
1466,G,15228,2014-08-27T03:02:44Z,False,0,L1,0,0.0,1.0,6.0
1467,D,15229,2014-08-27T03:25:53Z,True,0,L1,0,73.0,0.0,6.0
1468,F,15230,2014-08-27T15:38:30Z,False,0,L1,0,2.0,0.0,6.0
1469,G,15231,2014-08-27T15:40:33Z,False,0,L1,0,0.0,1.0,6.0
1470,H,15232,2014-08-27T16:12:22Z,False,0,L5,4,0.0,0.0,6.0
1471,I,15233,2014-08-27T18:59:31Z,False,0,L1,0,0.0,0.0,6.0
1472,H,15234,2014-08-27T21:51:35Z,False,0,L4,3,0.0,0.0,6.0
1473,E,15235,2014-08-27T22:21:58Z,True,0,L5,4,69.0,0.0,5.0
1474,N,15236,2014-08-27T23:49:45Z,True,0,L1,0,,,
1475,H,15237,2014-08-28T00:01:47Z,False,0,L4,3,0.0,0.0,6.0
1476,G,15238,2014-08-28T01:26:03Z,False,0,L5,4,0.0,1.0,6.0
1477,D,15239,2014-08-28T05:47:10Z,True,0,L1,0,73.0,0.0,6.0
1478,G,15240,2014-08-28T12:34:09Z,False,0,L4,3,0.0,1.0,6.0
1479,F,15241,2014-08-28T17:41:08Z,False,0,L5,4,2.0,0.0,6.0
1480,G,15242,2014-08-28T18:07:01Z,False,0,L1,0,0.0,1.0,6.0
1481,E,15243,2014-08-28T19:10:32Z,True,0,L6,5,70.0,0.0,5.0
1482,H,15244,2014-08-28T20:30:26Z,False,0,L2,1,0.0,0.0,6.0
1483,H,15245,2014-08-28T22:02:36Z,False,0,L4,3,0.0,0.0,6.0
1484,I,15246,2014-08-28T22:39:02Z,False,0,L1,0,0.0,0.0,6.0
1485,G,15247,2014-08-28T23:19:15Z,False,0,L4,3,0.0,1.0,6.0
1486,E,15248,2014-08-29T00:53:22Z,True,0,L1,0,70.0,0.0,6.0
1487,G,15249,2014-08-29T02:22:39Z,False,0,L2,1,0.0,1.0,6.0
1488,I,15250,2014-08-29T02:31:17Z,False,0,L1,0,0.0,0.0,6.0
1489,D,15251,2014-08-29T03:48:13Z,True,0,L4,3,73.0,0.0,6.0
1490,F,15252,2014-08-29T17:02:46Z,False,0,L3,2,2.0,0.0,6.0
1491,H,15253,2014-08-29T17:11:37Z,False,0,L1,0,0.0,0.0,6.0
1492,I,15254,2014-08-29T19:27:41Z,False,0,L1,0,0.0,0.0,6.0
1493,H,15255,2014-08-29T20:06:38Z,False,0,L4,3,0.0,0.0,6.0
1494,I,15256,2014-08-29T20:58:59Z,False,0,L1,0,0.0,0.0,6.0
1495,F,15257,2014-08-29T21:28:54Z,False,0,L3,2,2.0,0.0,6.0
1496,F,15258,2014-08-29T22:29:45Z,False,0,L3,2,2.0,0.0,6.0
1497,E,15259,2014-08-29T22:45:58Z,True,0,L3,2,71.0,0.0,6.0
1498,G,15260,2014-08-30T01:21:29Z,False,0,L1,0,0.0,1.0,6.0
1499,F,15261,2014-08-30T01:25:07Z,False,0,L1,0,2.0,0.0,6.0
1500,H,15262,2014-08-30T01:50:25Z,False,0,L1,0,0.0,0.0,6.0
1501,G,15263,2014-08-30T03:44:50Z,False,0,L2,1,0.0,1.0,6.0
1502,D,15264,2014-08-30T04:12:14Z,True,0,L1,0,74.0,0.0,6.0
1503,F,15265,2014-08-30T17:57:03Z,False,0,L2,1,2.0,0.0,6.0
1504,F,15266,2014-08-30T20:22:52Z,False,0,L1,0,2.0,0.0,6.0
1505,E,15267,2014-08-30T22:20:01Z,True,0,L3,2,71.0,0.0,6.0
1506,C,15268,2014-08-30T23:22:20Z,False,0,L4,3,0.0,0.0,5.0
1507,D,15269,2014-08-31T03:53:03Z,True,0,L1,0,75.0,0.0,6.0
1508,I,15270,2014-08-31T21:19:37Z,False,0,L1,0,0.0,0.0,6.0
1509,F,15271,2014-09-01T16:05:51Z,False,0,L4,3,2.0,0.0,6.0
1510,I,15272,2014-09-02T02:01:42Z,False,0,L3,2,0.0,0.0,6.0
1511,D,15273,2014-09-02T03:53:50Z,True,0,L1,0,75.0,0.0,6.0
1512,G,15274,2014-09-02T13:15:52Z,False,0,L3,2,0.0,1.0,6.0
1513,F,15275,2014-09-02T14:44:52Z,False,0,L1,0,1.0,0.0,6.0
1514,I,15276,2014-09-02T14:53:49Z,False,0,L2,1,0.0,0.0,6.0
1515,I,15277,2014-09-02T15:16:06Z,False,0,L1,0,0.0,0.0,6.0
1516,E,15278,2014-09-02T15:49:21Z,True,0,L4,3,71.0,0.0,6.0
1517,H,15279,2014-09-02T18:22:53Z,False,0,L1,0,0.0,0.0,6.0
1518,I,15280,2014-09-02T18:41:28Z,False,0,L4,3,0.0,0.0,6.0
1519,G,15281,2014-09-02T19:42:42Z,False,0,L2,1,0.0,1.0,6.0
1520,F,15282,2014-09-02T21:34:25Z,False,0,L3,2,1.0,0.0,6.0
1521,G,15283,2014-09-02T22:40:28Z,False,0,L4,3,0.0,1.0,6.0
1522,I,15284,2014-09-03T01:42:14Z,False,0,L4,3,0.0,0.0,6.0
1523,H,15285,2014-09-03T02:10:32Z,False,0,L3,2,0.0,0.0,6.0
1524,D,15286,2014-09-03T03:50:43Z,True,0,L4,3,75.0,0.0,6.0
1525,G,15287,2014-09-03T14:13:59Z,False,0,L1,0,0.0,1.0,6.0
1526,F,15288,2014-09-03T14:41:04Z,False,0,L4,3,1.0,0.0,6.0
1527,I,15289,2014-09-03T15:10:30Z,False,0,L3,2,0.0,0.0,6.0
1528,H,15290,2014-09-03T15:48:48Z,False,0,L5,4,0.0,0.0,6.0
1529,G,15291,2014-09-03T16:29:03Z,False,0,L5,4,0.0,1.0,6.0
1530,F,15292,2014-09-03T19:15:44Z,False,0,L1,0,1.0,0.0,6.0
1531,I,15293,2014-09-03T19:48:10Z,False,0,L2,1,0.0,0.0,6.0
1532,G,15294,2014-09-03T19:59:54Z,False,0,L1,0,0.0,1.0,6.0
1533,H,15295,2014-09-03T21:35:04Z,False,0,L3,2,0.0,0.0,6.0
1534,F,15296,2014-09-03T21:45:42Z,False,0,L1,0,1.0,0.0,6.0
1535,I,15297,2014-09-03T22:26:05Z,False,0,L6,5,0.0,0.0,6.0
1536,G,15298,2014-09-03T23:10:19Z,False,0,L1,0,0.0,1.0,6.0
1537,F,15299,2014-09-03T23:18:12Z,False,0,L1,0,1.0,0.0,6.0
1538,H,15300,2014-09-04T01:16:33Z,False,0,L3,2,0.0,0.0,6.0
1539,F,15301,2014-09-04T01:46:49Z,False,0,L3,2,1.0,0.0,6.0
1540,E,15302,2014-09-04T02:00:27Z,True,0,L2,1,72.0,0.0,6.0
1541,D,15303,2014-09-04T07:51:42Z,True,0,L5,4,75.0,0.0,6.0
1542,F,15304,2014-09-04T14:40:22Z,False,0,L1,0,1.0,0.0,6.0
1543,I,15305,2014-09-04T15:11:55Z,False,0,L1,0,0.0,0.0,6.0
1544,F,15306,2014-09-04T15:21:00Z,False,0,L4,3,1.0,0.0,6.0
1545,E,15307,2014-09-04T17:52:51Z,True,0,L5,4,73.0,0.0,6.0
1546,G,15308,2014-09-04T17:53:10Z,False,0,L1,0,0.0,1.0,6.0
1547,F,15309,2014-09-04T18:58:38Z,False,0,L3,2,1.0,0.0,6.0
1548,I,15310,2014-09-04T19:46:05Z,False,0,L5,4,0.0,0.0,6.0
1549,F,15311,2014-09-04T21:41:27Z,False,0,L3,2,1.0,0.0,6.0
1550,I,15312,2014-09-04T22:44:59Z,False,0,L1,0,0.0,0.0,6.0
1551,J,15313,2014-09-04T23:14:47Z,False,0,L2,1,0.0,0.0,7.0
1552,G,15314,2014-09-05T00:26:46Z,False,0,L4,3,0.0,1.0,6.0
1553,H,15315,2014-09-05T00:39:35Z,False,0,L4,3,0.0,0.0,5.0
1554,D,15316,2014-09-05T07:49:55Z,True,0,L3,2,75.0,0.0,6.0
1555,J,15317,2014-09-05T12:35:49Z,False,0,L3,2,0.0,0.0,7.0
1556,G,15318,2014-09-05T13:24:59Z,False,0,L1,0,0.0,1.0,6.0
1557,J,15319,2014-09-05T14:10:51Z,False,0,L4,3,0.0,0.0,7.0
1558,F,15320,2014-09-05T14:42:36Z,False,0,L4,3,1.0,0.0,6.0
1559,I,15321,2014-09-05T14:48:02Z,False,0,L4,3,0.0,0.0,6.0
1560,H,15322,2014-09-05T16:50:54Z,False,0,L4,3,0.0,0.0,5.0
1561,I,15323,2014-09-05T17:11:45Z,False,0,L6,5,0.0,0.0,6.0
1562,H,15324,2014-09-05T19:07:00Z,False,0,L3,2,0.0,0.0,5.0
1563,J,15325,2014-09-05T21:36:54Z,False,0,L1,0,0.0,0.0,7.0
1564,F,15326,2014-09-05T21:46:17Z,False,0,L1,0,1.0,0.0,6.0
1565,J,15327,2014-09-05T22:45:11Z,False,0,L3,2,0.0,0.0,7.0
1566,G,15328,2014-09-06T02:36:58Z,False,0,L1,0,0.0,1.0,6.0
1567,D,15329,2014-09-06T07:45:53Z,True,0,L6,5,75.0,0.0,6.0
1568,J,15330,2014-09-06T12:28:49Z,False,0,L5,4,0.0,0.0,7.0
1569,C,15331,2014-09-06T13:41:16Z,False,0,L4,3,0.0,0.0,5.0
1570,J,15332,2014-09-06T13:54:34Z,False,0,L1,0,0.0,0.0,7.0
1571,I,15333,2014-09-06T16:21:57Z,False,0,L2,1,0.0,0.0,6.0
1572,F,15334,2014-09-06T17:22:10Z,False,0,L1,0,1.0,0.0,6.0
1573,I,15335,2014-09-06T19:04:47Z,False,0,L1,0,0.0,0.0,6.0
1574,H,15336,2014-09-06T20:16:02Z,False,0,L4,3,0.0,0.0,5.0
1575,J,15337,2014-09-06T20:39:44Z,False,0,L3,2,0.0,0.0,7.0
1576,I,15338,2014-09-06T21:16:15Z,False,0,L1,0,0.0,0.0,6.0
1577,J,15339,2014-09-06T22:02:49Z,False,0,L1,0,0.0,0.0,7.0
1578,H,15340,2014-09-06T23:10:23Z,False,0,L6,5,0.0,0.0,5.0
1579,I,15341,2014-09-06T23:52:28Z,False,0,L1,0,0.0,0.0,6.0
1580,F,15342,2014-09-07T00:02:16Z,False,0,L4,3,1.0,0.0,6.0
1581,J,15343,2014-09-07T00:12:49Z,False,0,L1,0,0.0,0.0,7.0
1582,F,15344,2014-09-07T00:30:02Z,False,0,L4,3,1.0,0.0,6.0
1583,D,15345,2014-09-07T08:00:29Z,True,0,L1,0,75.0,0.0,6.0
1584,H,15346,2014-09-07T14:27:28Z,False,0,L5,4,0.0,0.0,6.0
1585,F,15347,2014-09-07T15:46:31Z,False,0,L1,0,1.0,0.0,6.0
1586,J,15348,2014-09-07T18:16:43Z,False,0,L4,3,0.0,0.0,7.0
1587,E,15349,2014-09-07T18:33:15Z,True,0,L1,0,70.0,0.0,6.0
1588,I,15350,2014-09-07T22:06:24Z,False,0,L4,3,0.0,0.0,6.0
1589,D,15351,2014-09-08T03:49:40Z,True,0,L4,3,76.0,0.0,6.0
1590,J,15352,2014-09-08T09:29:11Z,False,0,L1,0,0.0,0.0,7.0
1591,J,15353,2014-09-08T10:30:34Z,False,0,L3,2,0.0,0.0,7.0
1592,J,15354,2014-09-08T11:29:20Z,False,0,L1,0,0.0,0.0,7.0
1593,J,15355,2014-09-08T13:28:26Z,False,0,L1,0,0.0,0.0,7.0
1594,G,15356,2014-09-08T14:10:58Z,False,0,L1,0,0.0,1.0,6.0
1595,F,15357,2014-09-08T14:47:05Z,False,0,L4,3,1.0,0.0,6.0
1596,I,15358,2014-09-08T15:42:10Z,False,0,L4,3,0.0,0.0,6.0
1597,H,15359,2014-09-08T16:44:21Z,False,0,L1,0,0.0,0.0,6.0
1598,H,15360,2014-09-08T18:34:13Z,False,0,L1,0,0.0,0.0,6.0
1599,I,15361,2014-09-08T19:05:15Z,False,0,L4,3,0.0,0.0,6.0
1600,F,15362,2014-09-08T20:20:38Z,False,0,L3,2,1.0,0.0,6.0
1601,J,15363,2014-09-08T21:31:41Z,False,0,L3,2,0.0,0.0,7.0
1602,F,15364,2014-09-08T21:44:00Z,False,0,L5,4,1.0,0.0,6.0
1603,H,15365,2014-09-08T22:07:15Z,False,0,L1,0,0.0,0.0,6.0
1604,I,15366,2014-09-08T22:11:42Z,False,0,L4,3,0.0,0.0,6.0
1605,C,15367,2014-09-08T22:38:35Z,False,0,L3,2,0.0,0.0,5.0
1606,J,15368,2014-09-08T22:59:25Z,False,0,L4,3,0.0,0.0,7.0
1607,I,15369,2014-09-08T23:19:50Z,False,0,L6,5,0.0,0.0,6.0
1608,G,15370,2014-09-09T01:07:03Z,False,0,L1,0,0.0,1.0,6.0
1609,H,15371,2014-09-09T01:07:43Z,False,0,L4,3,0.0,0.0,6.0
1610,G,15372,2014-09-09T03:59:01Z,False,0,L1,0,0.0,1.0,6.0
1611,D,15373,2014-09-09T05:53:07Z,True,0,L1,0,76.0,0.0,6.0
1612,G,15374,2014-09-09T12:02:52Z,False,0,L1,0,0.0,1.0,6.0
1613,F,15375,2014-09-09T14:46:13Z,False,0,L6,5,1.0,0.0,6.0
1614,G,15376,2014-09-09T14:58:22Z,False,0,L3,2,0.0,1.0,6.0
1615,I,15377,2014-09-09T15:27:23Z,False,0,L5,4,0.0,0.0,6.0
1616,H,15378,2014-09-09T16:01:40Z,False,0,L2,1,0.0,0.0,6.0
1617,G,15379,2014-09-09T17:21:30Z,False,0,L3,2,0.0,1.0,6.0
1618,E,15380,2014-09-09T20:25:56Z,True,0,L3,2,70.0,0.0,6.0
1619,I,15381,2014-09-09T20:55:58Z,False,0,L2,1,0.0,0.0,6.0
1620,H,15382,2014-09-09T21:15:50Z,False,0,L1,0,0.0,0.0,6.0
1621,G,15383,2014-09-09T21:32:54Z,False,0,L2,1,0.0,1.0,6.0
1622,F,15384,2014-09-09T21:47:35Z,False,0,L2,1,1.0,0.0,6.0
1623,G,15385,2014-09-09T22:37:57Z,False,0,L1,0,0.0,1.0,6.0
1624,I,15386,2014-09-09T22:53:57Z,False,0,L5,4,0.0,0.0,6.0
1625,F,15387,2014-09-09T23:15:44Z,False,0,L5,4,1.0,0.0,6.0
1626,F,15388,2014-09-10T00:51:19Z,False,0,L4,3,1.0,0.0,6.0
1627,D,15389,2014-09-10T07:48:02Z,True,0,L1,0,76.0,0.0,6.0
1628,G,15390,2014-09-10T12:12:32Z,False,0,L1,0,0.0,1.0,6.0
1629,J,15391,2014-09-10T12:35:07Z,False,0,L1,0,0.0,0.0,7.0
1630,J,15392,2014-09-10T14:23:33Z,False,0,L1,0,0.0,0.0,7.0
1631,F,15393,2014-09-10T14:48:16Z,False,0,L1,0,1.0,0.0,6.0
1632,I,15394,2014-09-10T15:15:54Z,False,0,L4,3,0.0,0.0,6.0
1633,H,15395,2014-09-10T16:25:47Z,False,0,L1,0,0.0,0.0,6.0
1634,I,15396,2014-09-10T19:38:26Z,False,0,L5,4,0.0,0.0,6.0
1635,G,15397,2014-09-10T20:11:43Z,False,0,L5,4,0.0,1.0,6.0
1636,E,15398,2014-09-10T20:45:29Z,True,0,L1,0,71.0,0.0,6.0
1637,J,15399,2014-09-10T21:32:45Z,False,0,L1,0,0.0,0.0,7.0
1638,F,15400,2014-09-10T21:42:00Z,False,0,L7,6,1.0,0.0,6.0
1639,H,15401,2014-09-10T22:24:42Z,False,0,L2,1,0.0,0.0,6.0
1640,J,15402,2014-09-10T22:39:18Z,False,0,L1,0,0.0,0.0,7.0
1641,I,15403,2014-09-11T00:04:14Z,False,0,L3,2,0.0,0.0,6.0
1642,G,15404,2014-09-11T00:20:43Z,False,0,L4,3,0.0,1.0,6.0
1643,H,15405,2014-09-11T00:21:38Z,False,0,L1,0,0.0,0.0,6.0
1644,F,15406,2014-09-11T00:42:47Z,False,0,L1,0,1.0,0.0,7.0
1645,I,15407,2014-09-11T00:57:16Z,False,0,L1,0,0.0,0.0,6.0
1646,D,15408,2014-09-11T07:46:25Z,True,0,L1,0,76.0,0.0,6.0
1647,G,15409,2014-09-11T13:58:39Z,False,0,L2,1,0.0,1.0,6.0
1648,F,15410,2014-09-11T14:44:41Z,False,0,L1,0,1.0,0.0,7.0
1649,H,15411,2014-09-11T15:12:02Z,False,0,L1,0,0.0,0.0,6.0
1650,I,15412,2014-09-11T15:23:58Z,False,0,L5,4,0.0,0.0,6.0
1651,H,15413,2014-09-11T16:27:24Z,False,0,L1,0,0.0,0.0,6.0
1652,G,15414,2014-09-11T16:43:55Z,False,0,L1,0,0.0,1.0,6.0
1653,F,15415,2014-09-11T18:47:19Z,False,0,L7,6,1.0,0.0,7.0
1654,I,15416,2014-09-11T18:55:34Z,False,0,L1,0,0.0,0.0,6.0
1655,H,15417,2014-09-11T19:26:34Z,False,0,L3,2,0.0,0.0,6.0
1656,C,15418,2014-09-11T20:34:12Z,False,0,L4,3,0.0,0.0,5.0
1657,E,15419,2014-09-11T21:09:22Z,True,0,L1,0,72.0,0.0,6.0
1658,I,15420,2014-09-11T23:38:59Z,False,0,L4,3,0.0,0.0,6.0
1659,G,15421,2014-09-11T23:49:23Z,False,0,L6,5,0.0,1.0,6.0
1660,E,15422,2014-09-12T02:05:13Z,True,0,L4,3,71.0,0.0,6.0
1661,D,15423,2014-09-12T05:48:54Z,True,0,L6,5,76.0,0.0,6.0
1662,G,15424,2014-09-12T11:51:15Z,False,0,L3,2,0.0,1.0,6.0
1663,J,15425,2014-09-12T12:30:10Z,False,0,L3,2,0.0,0.0,7.0
1664,J,15426,2014-09-12T13:56:24Z,False,0,L4,3,0.0,0.0,7.0
1665,F,15427,2014-09-12T14:48:20Z,False,0,L1,0,1.0,0.0,7.0
1666,I,15428,2014-09-12T15:04:56Z,False,0,L5,4,0.0,0.0,6.0
1667,J,15429,2014-09-12T16:30:37Z,False,0,L1,0,0.0,0.0,7.0
1668,H,15430,2014-09-12T17:03:49Z,False,0,L1,0,0.0,0.0,6.0
1669,E,15431,2014-09-12T17:17:20Z,True,0,L3,2,72.0,0.0,6.0
1670,F,15432,2014-09-12T17:18:48Z,False,0,L1,0,1.0,0.0,7.0
1671,H,15433,2014-09-12T20:05:17Z,False,0,L1,0,0.0,0.0,6.0
1672,G,15434,2014-09-12T20:45:58Z,False,0,L3,2,0.0,1.0,6.0
1673,F,15435,2014-09-12T21:22:28Z,False,0,L1,0,1.0,0.0,7.0
1674,J,15436,2014-09-12T21:27:31Z,False,0,L1,0,0.0,0.0,7.0
1675,J,15437,2014-09-12T22:48:32Z,False,0,L1,0,0.0,0.0,7.0
1676,I,15438,2014-09-12T23:35:50Z,False,0,L5,4,0.0,0.0,6.0
1677,F,15439,2014-09-13T01:07:07Z,False,0,L1,0,1.0,0.0,7.0
1678,H,15440,2014-09-13T01:43:31Z,False,0,L1,0,0.0,0.0,6.0
1679,G,15441,2014-09-13T02:29:17Z,False,0,L2,1,0.0,1.0,6.0
1680,D,15442,2014-09-13T07:47:59Z,True,0,L5,4,77.0,0.0,6.0
1681,H,15443,2014-09-13T14:46:29Z,False,0,L5,4,0.0,0.0,6.0
1682,F,15444,2014-09-13T16:16:52Z,False,0,L1,0,1.0,0.0,7.0
1683,F,15445,2014-09-13T19:04:00Z,False,0,L1,0,1.0,0.0,7.0
1684,I,15446,2014-09-13T19:06:28Z,False,0,L1,0,0.0,0.0,6.0
1685,F,15447,2014-09-13T23:21:32Z,False,0,L4,3,1.0,0.0,7.0
1686,F,15448,2014-09-14T00:38:58Z,False,0,L1,0,1.0,0.0,7.0
1687,D,15449,2014-09-14T05:51:03Z,True,0,L1,0,77.0,0.0,6.0
1688,F,15450,2014-09-14T15:50:11Z,False,0,L4,3,1.0,0.0,7.0
1689,I,15451,2014-09-14T18:44:48Z,False,0,L3,2,0.0,0.0,6.0
1690,E,15452,2014-09-15T01:36:39Z,True,0,L1,0,71.0,0.0,6.0
1691,D,15453,2014-09-15T07:19:46Z,True,0,L1,0,78.0,0.0,6.0
1692,J,15454,2014-09-15T09:27:47Z,False,0,L1,0,0.0,0.0,7.0
1693,J,15455,2014-09-15T10:21:50Z,False,0,L2,1,0.0,0.0,7.0
1694,J,15456,2014-09-15T11:26:26Z,False,0,L1,0,0.0,0.0,7.0
1695,G,15457,2014-09-15T13:06:09Z,False,0,L5,4,0.0,1.0,6.0
1696,J,15458,2014-09-15T13:32:52Z,False,0,L5,4,0.0,0.0,7.0
1697,I,15459,2014-09-15T14:13:33Z,False,0,L1,0,0.0,0.0,6.0
1698,F,15460,2014-09-15T14:42:13Z,False,0,L5,4,1.0,0.0,7.0
1699,I,15461,2014-09-15T15:17:05Z,False,0,L1,0,0.0,0.0,6.0
1700,H,15462,2014-09-15T15:53:48Z,False,0,L1,0,0.0,0.0,6.0
1701,I,15463,2014-09-15T19:57:05Z,False,0,L1,0,0.0,0.0,6.0
1702,F,15464,2014-09-15T20:58:50Z,False,0,L3,2,1.0,0.0,7.0
1703,C,15465,2014-09-15T21:14:39Z,False,0,L4,3,0.0,0.0,5.0
1704,J,15466,2014-09-15T21:30:15Z,False,0,L1,0,0.0,0.0,7.0
1705,H,15467,2014-09-15T22:18:19Z,False,0,L3,2,0.0,0.0,6.0
1706,J,15468,2014-09-15T22:33:54Z,False,0,L1,0,0.0,0.0,7.0
1707,G,15469,2014-09-15T22:47:49Z,False,0,L1,0,0.0,1.0,6.0
1708,I,15470,2014-09-15T23:44:39Z,False,0,L3,2,0.0,0.0,6.0
1709,F,15471,2014-09-16T01:56:38Z,False,0,L5,4,1.0,0.0,7.0
