,traveller_unique_ID,Passage_unique_ID,passage_timestamp,air_mode,referral_to_secondary_ind,location_code,loc_encode,last_90d_air_passage_count,last_90d_referral_count,last_90d_location_count,passage_date,passage_date_month,month
0,G,13762,2014-04-01T04:57:38Z,False,0,L2,1,0.0,0.0,0.0,2014-04-01,4,4 April
1,G,13763,2014-04-01T13:24:51Z,False,0,L2,1,0.0,0.0,1.0,2014-04-01,4,4 April
2,F,13764,2014-04-01T14:52:08Z,False,0,L1,0,0.0,0.0,0.0,2014-04-01,4,4 April
3,G,13765,2014-04-01T18:59:01Z,False,0,L5,4,0.0,0.0,1.0,2014-04-01,4,4 April
4,E,13766,2014-04-01T20:16:57Z,True,0,L3,2,0.0,0.0,0.0,2014-04-01,4,4 April
5,J,13767,2014-04-01T20:51:33Z,False,0,L4,3,0.0,0.0,0.0,2014-04-01,4,4 April
6,G,13768,2014-04-01T23:53:02Z,False,0,L3,2,0.0,0.0,2.0,2014-04-01,4,4 April
7,F,13769,2014-04-02T00:11:22Z,False,0,L1,0,0.0,0.0,1.0,2014-04-02,4,4 April
8,J,13770,2014-04-02T03:19:36Z,False,0,L3,2,0.0,0.0,1.0,2014-04-02,4,4 April
9,D,13771,2014-04-02T03:49:42Z,True,0,L3,2,0.0,0.0,0.0,2014-04-02,4,4 April
10,J,13772,2014-04-02T12:27:29Z,False,0,L4,3,0.0,0.0,2.0,2014-04-02,4,4 April
11,G,13773,2014-04-02T13:38:22Z,False,0,L3,2,0.0,0.0,3.0,2014-04-02,4,4 April
12,J,13774,2014-04-02T13:51:37Z,False,0,L2,1,0.0,0.0,2.0,2014-04-02,4,4 April
13,F,13775,2014-04-02T14:55:11Z,False,0,L1,0,0.0,0.0,1.0,2014-04-02,4,4 April
14,J,13776,2014-04-02T18:08:32Z,False,0,L4,3,0.0,0.0,3.0,2014-04-02,4,4 April
15,F,13777,2014-04-02T18:16:08Z,False,0,L2,1,0.0,0.0,1.0,2014-04-02,4,4 April
16,G,13778,2014-04-02T20:21:26Z,False,0,L6,5,0.0,0.0,3.0,2014-04-02,4,4 April
17,J,13779,2014-04-02T21:30:12Z,False,0,L1,0,0.0,0.0,3.0,2014-04-02,4,4 April
18,J,13780,2014-04-02T22:41:44Z,False,0,L4,3,0.0,0.0,4.0,2014-04-02,4,4 April
19,E,13781,2014-04-03T01:09:35Z,True,0,L4,3,1.0,0.0,1.0,2014-04-03,4,4 April
20,G,13782,2014-04-03T04:25:00Z,False,0,L2,1,0.0,0.0,4.0,2014-04-03,4,4 April
21,G,13783,2014-04-03T04:55:29Z,False,0,L1,0,0.0,0.0,4.0,2014-04-03,4,4 April
22,G,13784,2014-04-03T13:39:08Z,False,0,L6,5,0.0,0.0,5.0,2014-04-03,4,4 April
23,F,13785,2014-04-03T14:58:02Z,False,0,L2,1,0.0,0.0,2.0,2014-04-03,4,4 April
24,J,13786,2014-04-03T17:03:46Z,False,0,L1,0,0.0,0.0,4.0,2014-04-03,4,4 April
25,E,13787,2014-04-03T19:41:54Z,True,0,L4,3,2.0,0.0,2.0,2014-04-03,4,4 April
26,I,13788,2014-04-03T19:59:05Z,False,0,L1,0,0.0,0.0,0.0,2014-04-03,4,4 April
27,B,13789,2014-04-03T22:33:17Z,True,0,L2,1,0.0,0.0,0.0,2014-04-03,4,4 April
28,G,13790,2014-04-03T22:45:11Z,False,0,L4,3,0.0,0.0,5.0,2014-04-03,4,4 April
29,F,13791,2014-04-03T23:20:17Z,False,0,L5,4,0.0,0.0,2.0,2014-04-03,4,4 April
30,G,13792,2014-04-04T01:18:58Z,False,0,L3,2,0.0,0.0,6.0,2014-04-04,4,4 April
31,J,13793,2014-04-04T12:23:38Z,False,0,L5,4,0.0,0.0,4.0,2014-04-04,4,4 April
32,J,13794,2014-04-04T13:22:06Z,False,0,L1,0,0.0,0.0,5.0,2014-04-04,4,4 April
33,F,13795,2014-04-04T14:51:32Z,False,0,L3,2,0.0,0.0,3.0,2014-04-04,4,4 April
34,B,13796,2014-04-04T17:58:02Z,True,1,L1,0,1.0,0.0,1.0,2014-04-04,4,4 April
35,J,13797,2014-04-04T19:00:10Z,False,0,L5,4,0.0,0.0,5.0,2014-04-04,4,4 April
36,G,13798,2014-04-04T19:18:31Z,False,0,L1,0,0.0,0.0,6.0,2014-04-04,4,4 April
37,J,13799,2014-04-04T21:33:41Z,False,0,L1,0,0.0,0.0,5.0,2014-04-04,4,4 April
38,J,13800,2014-04-04T22:35:23Z,False,0,L2,1,0.0,0.0,5.0,2014-04-04,4,4 April
39,G,13801,2014-04-04T22:42:39Z,False,0,L3,2,0.0,0.0,6.0,2014-04-04,4,4 April
40,F,13802,2014-04-05T00:06:16Z,False,0,L1,0,0.0,0.0,4.0,2014-04-05,4,4 April
41,I,13803,2014-04-05T00:07:45Z,False,0,L4,3,0.0,0.0,1.0,2014-04-05,4,4 April
42,G,13804,2014-04-05T00:57:03Z,False,0,L1,0,0.0,0.0,6.0,2014-04-05,4,4 April
43,D,13805,2014-04-05T03:47:42Z,True,0,L6,5,1.0,0.0,1.0,2014-04-05,4,4 April
44,C,13806,2014-04-05T15:44:36Z,False,0,L4,3,0.0,0.0,0.0,2014-04-05,4,4 April
45,F,13807,2014-04-05T17:19:49Z,False,0,L2,1,0.0,0.0,4.0,2014-04-05,4,4 April
46,I,13808,2014-04-05T22:00:46Z,False,0,L2,1,0.0,0.0,2.0,2014-04-05,4,4 April
47,F,13809,2014-04-05T22:40:18Z,False,0,L3,2,0.0,0.0,4.0,2014-04-05,4,4 April
48,F,13810,2014-04-06T00:53:45Z,False,0,L6,5,0.0,0.0,4.0,2014-04-06,4,4 April
49,E,13811,2014-04-06T01:11:41Z,True,0,L3,2,3.0,0.0,2.0,2014-04-06,4,4 April
50,I,13812,2014-04-06T03:15:46Z,False,0,L1,0,0.0,0.0,3.0,2014-04-06,4,4 April
51,F,13813,2014-04-06T17:24:20Z,False,0,L1,0,0.0,0.0,5.0,2014-04-06,4,4 April
52,B,13814,2014-04-06T19:24:25Z,True,1,L1,0,2.0,1.0,2.0,2014-04-06,4,4 April
53,F,13815,2014-04-06T19:47:31Z,False,0,L5,4,0.0,0.0,5.0,2014-04-06,4,4 April
54,I,13816,2014-04-07T02:17:35Z,False,0,L1,0,0.0,0.0,3.0,2014-04-07,4,4 April
55,J,13817,2014-04-07T09:23:57Z,False,0,L3,2,0.0,0.0,5.0,2014-04-07,4,4 April
56,J,13818,2014-04-07T10:45:57Z,False,0,L3,2,0.0,0.0,5.0,2014-04-07,4,4 April
57,J,13819,2014-04-07T11:44:30Z,False,0,L1,0,0.0,0.0,5.0,2014-04-07,4,4 April
58,J,13820,2014-04-07T13:45:08Z,False,0,L1,0,0.0,0.0,5.0,2014-04-07,4,4 April
59,F,13821,2014-04-07T14:51:56Z,False,0,L4,3,0.0,0.0,5.0,2014-04-07,4,4 April
60,J,13822,2014-04-07T15:47:46Z,False,0,L3,2,0.0,0.0,5.0,2014-04-07,4,4 April
61,E,13823,2014-04-07T18:03:09Z,True,0,L6,5,4.0,0.0,2.0,2014-04-07,4,4 April
62,I,13824,2014-04-07T19:34:22Z,False,0,L5,4,0.0,0.0,3.0,2014-04-07,4,4 April
63,J,13825,2014-04-07T21:34:44Z,False,0,L4,3,0.0,0.0,5.0,2014-04-07,4,4 April
64,G,13826,2014-04-07T21:38:04Z,False,0,L5,4,0.0,0.0,6.0,2014-04-07,4,4 April
65,F,13827,2014-04-07T22:13:53Z,False,0,L1,0,0.0,0.0,6.0,2014-04-07,4,4 April
66,J,13828,2014-04-07T22:46:08Z,False,0,L1,0,0.0,0.0,5.0,2014-04-07,4,4 April
67,G,13829,2014-04-07T23:51:41Z,False,0,L5,4,0.0,0.0,6.0,2014-04-07,4,4 April
68,D,13830,2014-04-08T03:46:42Z,True,0,L3,2,2.0,0.0,2.0,2014-04-08,4,4 April
69,J,13831,2014-04-08T12:28:53Z,False,0,L1,0,0.0,0.0,5.0,2014-04-08,4,4 April
70,G,13832,2014-04-08T12:51:13Z,False,0,L1,0,0.0,0.0,6.0,2014-04-08,4,4 April
71,J,13833,2014-04-08T13:48:06Z,False,0,L1,0,0.0,0.0,5.0,2014-04-08,4,4 April
72,F,13834,2014-04-08T14:45:10Z,False,0,L1,0,0.0,0.0,6.0,2014-04-08,4,4 April
73,B,13835,2014-04-08T15:15:54Z,True,1,L4,3,3.0,2.0,2.0,2014-04-08,4,4 April
74,F,13836,2014-04-08T20:28:04Z,False,0,L1,0,0.0,0.0,6.0,2014-04-08,4,4 April
75,G,13837,2014-04-08T20:30:03Z,False,0,L3,2,0.0,0.0,6.0,2014-04-08,4,4 April
76,I,13838,2014-04-08T21:05:31Z,False,0,L1,0,0.0,0.0,4.0,2014-04-08,4,4 April
77,E,13839,2014-04-08T21:20:09Z,True,0,L1,0,5.0,0.0,3.0,2014-04-08,4,4 April
78,J,13840,2014-04-08T21:32:28Z,False,0,L4,3,0.0,0.0,5.0,2014-04-08,4,4 April
79,G,13841,2014-04-08T23:05:02Z,False,0,L1,0,0.0,0.0,6.0,2014-04-08,4,4 April
80,J,13842,2014-04-08T23:11:27Z,False,0,L4,3,0.0,0.0,5.0,2014-04-08,4,4 April
81,F,13843,2014-04-09T00:17:58Z,False,0,L1,0,0.0,0.0,6.0,2014-04-09,4,4 April
82,F,13844,2014-04-09T01:18:24Z,False,0,L1,0,0.0,0.0,6.0,2014-04-09,4,4 April
83,G,13845,2014-04-09T01:43:40Z,False,0,L3,2,0.0,0.0,6.0,2014-04-09,4,4 April
84,D,13846,2014-04-09T03:53:36Z,True,0,L5,4,3.0,0.0,2.0,2014-04-09,4,4 April
85,J,13847,2014-04-09T12:39:40Z,False,0,L4,3,0.0,0.0,5.0,2014-04-09,4,4 April
86,G,13848,2014-04-09T13:33:12Z,False,0,L1,0,0.0,0.0,6.0,2014-04-09,4,4 April
87,J,13849,2014-04-09T14:20:12Z,False,0,L1,0,0.0,0.0,5.0,2014-04-09,4,4 April
88,F,13850,2014-04-09T14:49:22Z,False,0,L1,0,0.0,0.0,6.0,2014-04-09,4,4 April
89,J,13851,2014-04-09T15:58:55Z,False,0,L1,0,0.0,0.0,5.0,2014-04-09,4,4 April
90,G,13852,2014-04-09T18:00:18Z,False,0,L3,2,0.0,0.0,6.0,2014-04-09,4,4 April
91,I,13853,2014-04-09T20:24:42Z,False,0,L1,0,0.0,0.0,4.0,2014-04-09,4,4 April
92,J,13854,2014-04-09T21:16:13Z,False,0,L1,0,0.0,0.0,5.0,2014-04-09,4,4 April
93,G,13855,2014-04-09T23:06:48Z,False,0,L2,1,0.0,0.0,6.0,2014-04-09,4,4 April
94,F,13856,2014-04-10T00:43:39Z,False,0,L2,1,0.0,0.0,6.0,2014-04-10,4,4 April
95,G,13857,2014-04-10T01:34:31Z,False,0,L3,2,0.0,0.0,6.0,2014-04-10,4,4 April
96,I,13858,2014-04-10T02:37:35Z,False,0,L1,0,0.0,0.0,4.0,2014-04-10,4,4 April
97,D,13859,2014-04-10T03:48:53Z,True,0,L4,3,4.0,0.0,3.0,2014-04-10,4,4 April
98,F,13860,2014-04-10T14:46:58Z,False,0,L3,2,0.0,0.0,6.0,2014-04-10,4,4 April
99,L,13861,2014-04-10T15:19:52Z,True,0,L3,2,0.0,0.0,0.0,2014-04-10,4,4 April
100,E,13862,2014-04-10T20:35:40Z,True,0,L3,2,6.0,0.0,4.0,2014-04-10,4,4 April
101,F,13863,2014-04-10T20:40:41Z,False,0,L1,0,0.0,0.0,6.0,2014-04-10,4,4 April
102,I,13864,2014-04-10T20:55:36Z,False,0,L1,0,0.0,0.0,4.0,2014-04-10,4,4 April
103,B,13865,2014-04-10T21:35:51Z,True,1,L1,0,4.0,3.0,3.0,2014-04-10,4,4 April
104,G,13866,2014-04-10T23:59:09Z,False,0,L2,1,0.0,0.0,6.0,2014-04-10,4,4 April
105,J,13867,2014-04-11T01:17:40Z,False,0,L6,5,0.0,0.0,5.0,2014-04-11,4,4 April
106,F,13868,2014-04-11T01:45:41Z,False,0,L3,2,0.0,0.0,6.0,2014-04-11,4,4 April
107,D,13869,2014-04-11T03:47:59Z,True,0,L3,2,5.0,0.0,4.0,2014-04-11,4,4 April
108,J,13870,2014-04-11T12:31:23Z,False,0,L4,3,0.0,0.0,6.0,2014-04-11,4,4 April
109,J,13871,2014-04-11T13:56:22Z,False,0,L1,0,0.0,0.0,6.0,2014-04-11,4,4 April
110,F,13872,2014-04-11T14:40:53Z,False,0,L3,2,0.0,0.0,6.0,2014-04-11,4,4 April
111,F,13873,2014-04-11T16:46:46Z,False,0,L5,4,0.0,0.0,6.0,2014-04-11,4,4 April
112,B,13874,2014-04-11T18:41:58Z,True,1,L3,2,5.0,4.0,3.0,2014-04-11,4,4 April
113,G,13875,2014-04-11T19:49:47Z,False,0,L4,3,0.0,0.0,6.0,2014-04-11,4,4 April
114,E,13876,2014-04-11T20:44:40Z,True,0,L4,3,7.0,0.0,4.0,2014-04-11,4,4 April
115,I,13877,2014-04-11T21:22:12Z,False,0,L4,3,0.0,0.0,4.0,2014-04-11,4,4 April
116,F,13878,2014-04-11T21:30:42Z,False,0,L1,0,0.0,0.0,6.0,2014-04-11,4,4 April
117,J,13879,2014-04-11T21:32:28Z,False,0,L1,0,0.0,0.0,6.0,2014-04-11,4,4 April
118,G,13880,2014-04-11T22:24:36Z,False,0,L3,2,0.0,0.0,6.0,2014-04-11,4,4 April
119,J,13881,2014-04-11T22:49:31Z,False,0,L5,4,0.0,0.0,6.0,2014-04-11,4,4 April
120,G,13882,2014-04-12T00:37:17Z,False,0,L1,0,0.0,0.0,6.0,2014-04-12,4,4 April
121,I,13883,2014-04-12T02:29:45Z,False,0,L4,3,0.0,0.0,4.0,2014-04-12,4,4 April
122,B,13884,2014-04-12T03:34:26Z,True,1,L4,3,6.0,5.0,4.0,2014-04-12,4,4 April
123,D,13885,2014-04-12T03:55:39Z,True,0,L4,3,6.0,0.0,4.0,2014-04-12,4,4 April
124,F,13886,2014-04-12T21:07:36Z,False,0,L3,2,0.0,0.0,6.0,2014-04-12,4,4 April
125,G,13887,2014-04-13T00:07:24Z,False,0,L1,0,0.0,0.0,6.0,2014-04-13,4,4 April
126,B,13888,2014-04-13T03:26:30Z,True,1,L2,1,7.0,6.0,4.0,2014-04-13,4,4 April
127,E,13889,2014-04-13T04:31:42Z,True,0,L6,5,8.0,0.0,4.0,2014-04-13,4,4 April
128,D,13890,2014-04-13T07:51:47Z,True,0,L1,0,7.0,0.0,4.0,2014-04-13,4,4 April
129,I,13891,2014-04-14T04:10:25Z,False,0,L3,2,0.0,0.0,4.0,2014-04-14,4,4 April
130,J,13892,2014-04-14T09:27:46Z,False,0,L2,1,0.0,0.0,6.0,2014-04-14,4,4 April
131,J,13893,2014-04-14T10:45:38Z,False,0,L4,3,0.0,0.0,6.0,2014-04-14,4,4 April
132,J,13894,2014-04-14T11:55:11Z,False,0,L3,2,0.0,0.0,6.0,2014-04-14,4,4 April
133,G,13895,2014-04-14T13:28:04Z,False,0,L2,1,0.0,0.0,6.0,2014-04-14,4,4 April
134,J,13896,2014-04-14T13:38:56Z,False,0,L5,4,0.0,0.0,6.0,2014-04-14,4,4 April
135,F,13897,2014-04-14T14:55:04Z,False,0,L4,3,0.0,0.0,6.0,2014-04-14,4,4 April
136,G,13898,2014-04-14T17:46:58Z,False,0,L5,4,0.0,0.0,6.0,2014-04-14,4,4 April
137,B,13899,2014-04-14T19:43:59Z,True,1,L1,0,8.0,7.0,4.0,2014-04-14,4,4 April
138,F,13900,2014-04-14T20:11:35Z,False,0,L5,4,0.0,0.0,6.0,2014-04-14,4,4 April
139,J,13901,2014-04-14T21:32:20Z,False,0,L3,2,0.0,0.0,6.0,2014-04-14,4,4 April
140,G,13902,2014-04-14T23:03:56Z,False,0,L1,0,0.0,0.0,6.0,2014-04-14,4,4 April
141,F,13903,2014-04-15T00:50:30Z,False,0,L1,0,0.0,0.0,6.0,2014-04-15,4,4 April
142,J,13904,2014-04-15T00:53:35Z,False,0,L4,3,0.0,0.0,6.0,2014-04-15,4,4 April
143,G,13905,2014-04-15T00:57:04Z,False,0,L5,4,0.0,0.0,6.0,2014-04-15,4,4 April
144,E,13906,2014-04-15T01:11:32Z,True,0,L3,2,9.0,0.0,4.0,2014-04-15,4,4 April
145,D,13907,2014-04-15T03:48:42Z,True,0,L5,4,8.0,0.0,5.0,2014-04-15,4,4 April
146,G,13908,2014-04-15T13:51:03Z,False,0,L1,0,0.0,0.0,6.0,2014-04-15,4,4 April
147,F,13909,2014-04-15T14:49:43Z,False,0,L2,1,0.0,0.0,6.0,2014-04-15,4,4 April
148,J,13910,2014-04-15T16:27:23Z,False,0,L1,0,0.0,0.0,6.0,2014-04-15,4,4 April
149,G,13911,2014-04-15T16:48:57Z,False,0,L1,0,0.0,0.0,6.0,2014-04-15,4,4 April
150,I,13912,2014-04-15T18:58:15Z,False,0,L3,2,0.0,0.0,5.0,2014-04-15,4,4 April
151,G,13913,2014-04-15T19:08:01Z,False,0,L1,0,0.0,0.0,6.0,2014-04-15,4,4 April
152,J,13914,2014-04-15T22:17:06Z,False,0,L5,4,0.0,0.0,6.0,2014-04-15,4,4 April
153,G,13915,2014-04-15T23:18:21Z,False,0,L1,0,0.0,0.0,6.0,2014-04-15,4,4 April
154,F,13916,2014-04-16T00:17:28Z,False,0,L3,2,0.0,0.0,6.0,2014-04-16,4,4 April
155,G,13917,2014-04-16T01:19:16Z,False,0,L5,4,0.0,0.0,6.0,2014-04-16,4,4 April
156,B,13918,2014-04-16T01:36:44Z,True,1,L1,0,9.0,8.0,4.0,2014-04-16,4,4 April
157,I,13919,2014-04-16T01:53:26Z,False,0,L1,0,0.0,0.0,5.0,2014-04-16,4,4 April
158,D,13920,2014-04-16T05:46:09Z,True,0,L1,0,9.0,0.0,5.0,2014-04-16,4,4 April
159,J,13921,2014-04-16T12:26:19Z,False,0,L3,2,0.0,0.0,6.0,2014-04-16,4,4 April
160,G,13922,2014-04-16T14:14:01Z,False,0,L2,1,0.0,0.0,6.0,2014-04-16,4,4 April
161,J,13923,2014-04-16T14:19:08Z,False,0,L4,3,0.0,0.0,6.0,2014-04-16,4,4 April
162,F,13924,2014-04-16T14:53:42Z,False,0,L4,3,0.0,0.0,6.0,2014-04-16,4,4 April
163,G,13925,2014-04-16T17:18:31Z,False,0,L1,0,0.0,0.0,6.0,2014-04-16,4,4 April
164,G,13926,2014-04-16T20:05:11Z,False,0,L4,3,0.0,0.0,6.0,2014-04-16,4,4 April
165,E,13927,2014-04-16T20:32:08Z,True,0,L1,0,10.0,0.0,4.0,2014-04-16,4,4 April
166,J,13928,2014-04-16T21:30:43Z,False,0,L4,3,0.0,0.0,6.0,2014-04-16,4,4 April
167,J,13929,2014-04-16T23:22:04Z,False,0,L1,0,0.0,0.0,6.0,2014-04-16,4,4 April
168,G,13930,2014-04-16T23:27:08Z,False,0,L1,0,0.0,0.0,6.0,2014-04-16,4,4 April
169,B,13931,2014-04-16T23:36:30Z,True,1,L1,0,10.0,9.0,4.0,2014-04-16,4,4 April
170,D,13932,2014-04-17T03:46:43Z,True,0,L3,2,10.0,0.0,5.0,2014-04-17,4,4 April
171,F,13933,2014-04-17T14:48:20Z,False,0,L4,3,0.0,0.0,6.0,2014-04-17,4,4 April
172,G,13934,2014-04-17T15:06:08Z,False,0,L4,3,0.0,0.0,6.0,2014-04-17,4,4 April
173,G,13935,2014-04-17T22:38:00Z,False,0,L4,3,0.0,0.0,6.0,2014-04-17,4,4 April
174,F,13936,2014-04-17T23:02:01Z,False,0,L4,3,0.0,0.0,6.0,2014-04-17,4,4 April
175,G,13937,2014-04-18T01:20:58Z,False,0,L1,0,0.0,0.0,6.0,2014-04-18,4,4 April
176,G,13938,2014-04-18T03:08:24Z,False,0,L5,4,0.0,0.0,6.0,2014-04-18,4,4 April
177,J,13939,2014-04-18T12:33:09Z,False,0,L4,3,0.0,0.0,6.0,2014-04-18,4,4 April
178,J,13940,2014-04-18T13:47:46Z,False,0,L5,4,0.0,0.0,6.0,2014-04-18,4,4 April
179,F,13941,2014-04-18T16:35:11Z,False,0,L5,4,0.0,0.0,6.0,2014-04-18,4,4 April
180,F,13942,2014-04-18T19:05:35Z,False,0,L2,1,0.0,0.0,6.0,2014-04-18,4,4 April
181,G,13943,2014-04-18T21:30:28Z,False,0,L2,1,0.0,0.0,6.0,2014-04-18,4,4 April
182,J,13944,2014-04-18T21:33:43Z,False,0,L1,0,0.0,0.0,6.0,2014-04-18,4,4 April
183,J,13945,2014-04-18T22:43:38Z,False,0,L1,0,0.0,0.0,6.0,2014-04-18,4,4 April
184,G,13946,2014-04-18T23:21:37Z,False,0,L3,2,0.0,0.0,6.0,2014-04-18,4,4 April
185,F,13947,2014-04-19T01:00:50Z,False,0,L3,2,0.0,0.0,6.0,2014-04-19,4,4 April
186,D,13948,2014-04-19T07:17:35Z,True,0,L2,1,11.0,0.0,5.0,2014-04-19,4,4 April
187,F,13949,2014-04-19T16:50:29Z,False,0,L5,4,0.0,0.0,6.0,2014-04-19,4,4 April
188,F,13950,2014-04-19T20:40:43Z,False,0,L1,0,0.0,0.0,6.0,2014-04-19,4,4 April
189,I,13951,2014-04-19T21:00:04Z,False,0,L1,0,0.0,0.0,5.0,2014-04-19,4,4 April
190,F,13952,2014-04-19T21:35:41Z,False,0,L1,0,0.0,0.0,6.0,2014-04-19,4,4 April
191,N,13953,2014-04-19T22:55:08Z,False,0,L5,4,0.0,0.0,0.0,2014-04-19,4,4 April
192,J,13954,2014-04-20T00:18:05Z,False,0,L1,0,0.0,0.0,6.0,2014-04-20,4,4 April
193,B,13955,2014-04-20T00:44:37Z,True,1,L1,0,11.0,10.0,4.0,2014-04-20,4,4 April
194,D,13956,2014-04-20T05:49:37Z,True,0,L1,0,12.0,0.0,6.0,2014-04-20,4,4 April
195,E,13957,2014-04-20T07:55:40Z,True,0,L1,0,11.0,0.0,4.0,2014-04-20,4,4 April
196,C,13958,2014-04-20T13:33:32Z,False,0,L4,3,0.0,0.0,1.0,2014-04-20,4,4 April
197,I,13959,2014-04-20T20:46:08Z,False,0,L1,0,0.0,0.0,5.0,2014-04-20,4,4 April
198,J,13960,2014-04-21T10:46:45Z,False,0,L3,2,0.0,0.0,6.0,2014-04-21,4,4 April
199,J,13961,2014-04-21T11:49:28Z,False,0,L3,2,0.0,0.0,6.0,2014-04-21,4,4 April
200,J,13962,2014-04-21T13:26:26Z,False,0,L2,1,0.0,0.0,6.0,2014-04-21,4,4 April
201,G,13963,2014-04-21T14:57:29Z,False,0,L4,3,0.0,0.0,6.0,2014-04-21,4,4 April
202,F,13964,2014-04-21T20:35:50Z,False,0,L5,4,0.0,0.0,6.0,2014-04-21,4,4 April
203,G,13965,2014-04-21T21:16:53Z,False,0,L4,3,0.0,0.0,6.0,2014-04-21,4,4 April
204,J,13966,2014-04-21T21:34:24Z,False,0,L1,0,0.0,0.0,6.0,2014-04-21,4,4 April
205,F,13967,2014-04-21T22:17:35Z,False,0,L4,3,0.0,0.0,6.0,2014-04-21,4,4 April
206,J,13968,2014-04-21T22:39:56Z,False,0,L6,5,0.0,0.0,6.0,2014-04-21,4,4 April
207,G,13969,2014-04-21T23:36:12Z,False,0,L4,3,0.0,0.0,6.0,2014-04-21,4,4 April
208,G,13970,2014-04-22T02:10:50Z,False,0,L1,0,0.0,0.0,6.0,2014-04-22,4,4 April
209,D,13971,2014-04-22T03:50:21Z,True,0,L1,0,13.0,0.0,6.0,2014-04-22,4,4 April
210,F,13972,2014-04-22T14:50:38Z,False,0,L4,3,0.0,0.0,6.0,2014-04-22,4,4 April
211,G,13973,2014-04-22T22:15:12Z,False,0,L3,2,0.0,0.0,6.0,2014-04-22,4,4 April
212,G,13974,2014-04-23T00:03:11Z,False,0,L1,0,0.0,0.0,6.0,2014-04-23,4,4 April
213,F,13975,2014-04-23T00:15:42Z,False,0,L1,0,0.0,0.0,6.0,2014-04-23,4,4 April
214,G,13976,2014-04-23T13:44:02Z,False,0,L4,3,0.0,0.0,6.0,2014-04-23,4,4 April
215,F,13977,2014-04-23T14:48:44Z,False,0,L5,4,0.0,0.0,6.0,2014-04-23,4,4 April
216,G,13978,2014-04-23T16:27:49Z,False,0,L4,3,0.0,0.0,6.0,2014-04-23,4,4 April
217,G,13979,2014-04-23T19:48:56Z,False,0,L1,0,0.0,0.0,6.0,2014-04-23,4,4 April
218,F,13980,2014-04-23T22:05:18Z,False,0,L4,3,0.0,0.0,6.0,2014-04-23,4,4 April
219,G,13981,2014-04-23T22:33:23Z,False,0,L2,1,0.0,0.0,6.0,2014-04-23,4,4 April
220,F,13982,2014-04-23T23:24:17Z,False,0,L4,3,0.0,0.0,6.0,2014-04-23,4,4 April
221,G,13983,2014-04-24T00:41:51Z,False,0,L1,0,0.0,0.0,6.0,2014-04-24,4,4 April
222,B,13984,2014-04-24T02:43:55Z,True,1,L4,3,12.0,11.0,4.0,2014-04-24,4,4 April
223,D,13985,2014-04-24T03:44:54Z,True,0,L6,5,14.0,0.0,6.0,2014-04-24,4,4 April
224,G,13986,2014-04-24T13:27:37Z,False,0,L1,0,0.0,0.0,6.0,2014-04-24,4,4 April
225,F,13987,2014-04-24T14:45:03Z,False,0,L5,4,0.0,0.0,6.0,2014-04-24,4,4 April
226,I,13988,2014-04-24T18:04:37Z,False,0,L1,0,0.0,0.0,5.0,2014-04-24,4,4 April
227,F,13989,2014-04-24T19:42:55Z,False,0,L1,0,0.0,0.0,6.0,2014-04-24,4,4 April
228,E,13990,2014-04-24T20:40:14Z,True,0,L1,0,12.0,0.0,4.0,2014-04-24,4,4 April
229,G,13991,2014-04-24T21:14:25Z,False,0,L1,0,0.0,0.0,6.0,2014-04-24,4,4 April
230,G,13992,2014-04-24T23:45:14Z,False,0,L1,0,0.0,0.0,6.0,2014-04-24,4,4 April
231,I,13993,2014-04-25T00:33:18Z,False,0,L1,0,0.0,0.0,5.0,2014-04-25,4,4 April
232,J,13994,2014-04-25T00:46:40Z,False,0,L1,0,0.0,0.0,6.0,2014-04-25,4,4 April
233,G,13995,2014-04-25T01:34:52Z,False,0,L1,0,0.0,0.0,6.0,2014-04-25,4,4 April
234,D,13996,2014-04-25T04:25:14Z,True,0,L6,5,15.0,0.0,6.0,2014-04-25,4,4 April
235,G,13997,2014-04-25T12:30:35Z,False,0,L5,4,0.0,0.0,6.0,2014-04-25,4,4 April
236,J,13998,2014-04-25T12:33:50Z,False,0,L1,0,0.0,0.0,6.0,2014-04-25,4,4 April
237,J,13999,2014-04-25T13:33:25Z,False,0,L2,1,0.0,0.0,6.0,2014-04-25,4,4 April
238,I,14000,2014-04-25T15:26:38Z,False,0,L4,3,0.0,0.0,5.0,2014-04-25,4,4 April
239,G,14001,2014-04-25T16:08:39Z,False,0,L4,3,0.0,0.0,6.0,2014-04-25,4,4 April
240,F,14002,2014-04-25T16:19:19Z,False,0,L1,0,0.0,0.0,6.0,2014-04-25,4,4 April
241,B,14003,2014-04-25T19:44:06Z,True,1,L4,3,13.0,12.0,4.0,2014-04-25,4,4 April
242,G,14004,2014-04-25T20:23:12Z,False,0,L1,0,0.0,0.0,6.0,2014-04-25,4,4 April
243,J,14005,2014-04-25T21:30:53Z,False,0,L1,0,0.0,0.0,6.0,2014-04-25,4,4 April
244,E,14006,2014-04-25T22:11:44Z,True,0,L4,3,13.0,0.0,4.0,2014-04-25,4,4 April
245,G,14007,2014-04-25T22:29:18Z,False,0,L4,3,0.0,0.0,6.0,2014-04-25,4,4 April
246,J,14008,2014-04-25T22:42:48Z,False,0,L1,0,0.0,0.0,6.0,2014-04-25,4,4 April
247,F,14009,2014-04-26T00:04:20Z,False,0,L1,0,0.0,0.0,6.0,2014-04-26,4,4 April
248,G,14010,2014-04-26T01:29:25Z,False,0,L4,3,0.0,0.0,6.0,2014-04-26,4,4 April
249,B,14011,2014-04-26T03:29:47Z,True,1,L2,1,14.0,13.0,4.0,2014-04-26,4,4 April
250,D,14012,2014-04-26T03:40:32Z,True,0,L1,0,16.0,0.0,6.0,2014-04-26,4,4 April
251,G,14013,2014-04-26T04:15:00Z,False,0,L1,0,0.0,0.0,6.0,2014-04-26,4,4 April
252,F,14014,2014-04-26T14:34:42Z,False,0,L1,0,0.0,0.0,6.0,2014-04-26,4,4 April
253,I,14015,2014-04-26T15:35:35Z,False,0,L4,3,0.0,0.0,5.0,2014-04-26,4,4 April
254,G,14016,2014-04-26T17:47:06Z,False,0,L1,0,0.0,0.0,6.0,2014-04-26,4,4 April
255,I,14017,2014-04-26T19:32:25Z,False,0,L5,4,0.0,0.0,5.0,2014-04-26,4,4 April
256,D,14018,2014-04-27T00:43:23Z,True,0,L1,0,17.0,0.0,6.0,2014-04-27,4,4 April
257,B,14019,2014-04-27T00:57:20Z,True,1,L4,3,15.0,14.0,4.0,2014-04-27,4,4 April
258,I,14020,2014-04-27T02:43:09Z,False,0,L4,3,0.0,0.0,5.0,2014-04-27,4,4 April
259,I,14021,2014-04-27T17:39:16Z,False,0,L3,2,0.0,0.0,5.0,2014-04-27,4,4 April
260,J,14022,2014-04-27T18:49:25Z,False,0,L3,2,0.0,0.0,6.0,2014-04-27,4,4 April
261,F,14023,2014-04-27T19:16:57Z,False,0,L1,0,0.0,0.0,6.0,2014-04-27,4,4 April
262,I,14024,2014-04-27T22:05:49Z,False,0,L1,0,0.0,0.0,5.0,2014-04-27,4,4 April
263,F,14025,2014-04-27T23:53:08Z,False,0,L2,1,0.0,0.0,6.0,2014-04-27,4,4 April
264,D,14026,2014-04-28T03:15:45Z,True,0,L4,3,18.0,0.0,6.0,2014-04-28,4,4 April
265,J,14027,2014-04-28T03:40:19Z,False,0,L1,0,0.0,0.0,6.0,2014-04-28,4,4 April
266,J,14028,2014-04-28T09:29:35Z,False,0,L2,1,0.0,0.0,6.0,2014-04-28,4,4 April
267,J,14029,2014-04-28T10:38:30Z,False,0,L1,0,0.0,0.0,6.0,2014-04-28,4,4 April
268,J,14030,2014-04-28T11:38:28Z,False,0,L2,1,0.0,0.0,6.0,2014-04-28,4,4 April
269,J,14031,2014-04-28T13:42:46Z,False,0,L2,1,0.0,0.0,6.0,2014-04-28,4,4 April
270,G,14032,2014-04-28T14:46:53Z,False,0,L1,0,0.0,0.0,6.0,2014-04-28,4,4 April
271,F,14033,2014-04-28T14:50:23Z,False,0,L5,4,0.0,0.0,6.0,2014-04-28,4,4 April
272,I,14034,2014-04-28T15:17:45Z,False,0,L4,3,0.0,0.0,5.0,2014-04-28,4,4 April
273,B,14035,2014-04-28T16:34:06Z,True,1,L1,0,16.0,15.0,4.0,2014-04-28,4,4 April
274,G,14036,2014-04-28T20:46:28Z,False,0,L2,1,0.0,0.0,6.0,2014-04-28,4,4 April
275,E,14037,2014-04-28T21:07:54Z,True,0,L1,0,14.0,0.0,4.0,2014-04-28,4,4 April
276,J,14038,2014-04-28T21:33:05Z,False,0,L1,0,0.0,0.0,6.0,2014-04-28,4,4 April
277,I,14039,2014-04-28T21:47:09Z,False,0,L4,3,0.0,0.0,5.0,2014-04-28,4,4 April
278,F,14040,2014-04-28T23:12:31Z,False,0,L4,3,0.0,0.0,6.0,2014-04-28,4,4 April
279,G,14041,2014-04-28T23:16:18Z,False,0,L1,0,0.0,0.0,6.0,2014-04-28,4,4 April
280,B,14042,2014-04-28T23:32:22Z,True,1,L4,3,17.0,16.0,4.0,2014-04-28,4,4 April
281,J,14043,2014-04-29T00:31:09Z,False,0,L1,0,0.0,0.0,6.0,2014-04-29,4,4 April
282,G,14044,2014-04-29T01:22:07Z,False,0,L1,0,0.0,0.0,6.0,2014-04-29,4,4 April
283,I,14045,2014-04-29T01:27:45Z,False,0,L6,5,0.0,0.0,5.0,2014-04-29,4,4 April
284,D,14046,2014-04-29T07:49:28Z,True,0,L1,0,19.0,0.0,6.0,2014-04-29,4,4 April
285,G,14047,2014-04-29T13:45:51Z,False,0,L1,0,0.0,0.0,6.0,2014-04-29,4,4 April
286,F,14048,2014-04-29T14:46:28Z,False,0,L4,3,0.0,0.0,6.0,2014-04-29,4,4 April
287,I,14049,2014-04-29T15:18:25Z,False,0,L1,0,0.0,0.0,6.0,2014-04-29,4,4 April
288,F,14050,2014-04-29T19:24:15Z,False,0,L1,0,0.0,0.0,6.0,2014-04-29,4,4 April
289,F,14051,2014-04-29T21:32:07Z,False,0,L1,0,0.0,0.0,6.0,2014-04-29,4,4 April
290,I,14052,2014-04-29T22:17:33Z,False,0,L2,1,0.0,0.0,6.0,2014-04-29,4,4 April
291,E,14053,2014-04-29T23:05:56Z,True,0,L3,2,15.0,0.0,4.0,2014-04-29,4,4 April
292,G,14054,2014-04-29T23:44:21Z,False,0,L1,0,0.0,0.0,6.0,2014-04-29,4,4 April
293,F,14055,2014-04-30T00:13:49Z,False,0,L1,0,0.0,0.0,6.0,2014-04-30,4,4 April
294,B,14056,2014-04-30T02:13:15Z,True,1,L1,0,18.0,17.0,4.0,2014-04-30,4,4 April
295,J,14057,2014-04-30T12:30:25Z,False,0,L1,0,0.0,0.0,6.0,2014-04-30,4,4 April
296,G,14058,2014-04-30T13:30:46Z,False,0,L5,4,0.0,0.0,6.0,2014-04-30,4,4 April
297,J,14059,2014-04-30T14:14:15Z,False,0,L4,3,0.0,0.0,6.0,2014-04-30,4,4 April
298,F,14060,2014-04-30T14:55:00Z,False,0,L1,0,0.0,0.0,6.0,2014-04-30,4,4 April
299,G,14061,2014-04-30T15:21:56Z,False,0,L1,0,0.0,0.0,6.0,2014-04-30,4,4 April
300,I,14062,2014-04-30T17:03:49Z,False,0,L4,3,0.0,0.0,6.0,2014-04-30,4,4 April
301,G,14063,2014-04-30T17:51:45Z,False,0,L4,3,0.0,0.0,6.0,2014-04-30,4,4 April
302,J,14064,2014-04-30T21:32:02Z,False,0,L1,0,0.0,0.0,6.0,2014-04-30,4,4 April
303,F,14065,2014-04-30T21:50:20Z,False,0,L1,0,0.0,0.0,6.0,2014-04-30,4,4 April
304,J,14066,2014-04-30T22:44:10Z,False,0,L2,1,0.0,0.0,6.0,2014-04-30,4,4 April
305,G,14067,2014-05-01T00:29:49Z,False,0,L2,1,0.0,0.0,6.0,2014-05-01,5,5 May
306,D,14068,2014-05-01T07:53:57Z,True,0,L1,0,20.0,0.0,6.0,2014-05-01,5,5 May
307,F,14069,2014-05-01T14:46:35Z,False,0,L1,0,0.0,0.0,6.0,2014-05-01,5,5 May
308,G,14070,2014-05-01T16:26:47Z,False,0,L1,0,0.0,0.0,6.0,2014-05-01,5,5 May
309,J,14071,2014-05-01T16:42:28Z,False,0,L1,0,0.0,0.0,6.0,2014-05-01,5,5 May
310,F,14072,2014-05-01T18:51:13Z,False,0,L1,0,0.0,0.0,6.0,2014-05-01,5,5 May
311,G,14073,2014-05-01T21:05:20Z,False,0,L6,5,0.0,0.0,6.0,2014-05-01,5,5 May
312,F,14074,2014-05-01T21:38:00Z,False,0,L4,3,0.0,0.0,6.0,2014-05-01,5,5 May
313,F,14075,2014-05-01T23:05:43Z,False,0,L1,0,0.0,0.0,6.0,2014-05-01,5,5 May
314,G,14076,2014-05-01T23:17:46Z,False,0,L1,0,0.0,0.0,6.0,2014-05-01,5,5 May
315,G,14077,2014-05-02T02:03:29Z,False,0,L2,1,0.0,0.0,6.0,2014-05-02,5,5 May
316,D,14078,2014-05-02T07:45:51Z,True,0,L1,0,21.0,0.0,6.0,2014-05-02,5,5 May
317,J,14079,2014-05-02T12:25:48Z,False,0,L3,2,0.0,0.0,6.0,2014-05-02,5,5 May
318,J,14080,2014-05-02T13:50:08Z,False,0,L2,1,0.0,0.0,6.0,2014-05-02,5,5 May
319,F,14081,2014-05-02T14:50:35Z,False,0,L6,5,0.0,0.0,6.0,2014-05-02,5,5 May
320,G,14082,2014-05-02T20:09:41Z,False,0,L4,3,0.0,0.0,6.0,2014-05-02,5,5 May
321,J,14083,2014-05-02T21:31:29Z,False,0,L1,0,0.0,0.0,6.0,2014-05-02,5,5 May
322,J,14084,2014-05-02T22:37:50Z,False,0,L1,0,0.0,0.0,6.0,2014-05-02,5,5 May
323,G,14085,2014-05-02T23:18:33Z,False,0,L1,0,0.0,0.0,6.0,2014-05-02,5,5 May
324,E,14086,2014-05-03T00:31:07Z,True,0,L4,3,16.0,0.0,4.0,2014-05-03,5,5 May
325,G,14087,2014-05-03T01:08:40Z,False,0,L2,1,0.0,0.0,6.0,2014-05-03,5,5 May
326,D,14088,2014-05-03T07:48:15Z,True,0,L1,0,22.0,0.0,6.0,2014-05-03,5,5 May
327,B,14089,2014-05-03T09:47:36Z,True,1,L5,4,19.0,18.0,4.0,2014-05-03,5,5 May
328,F,14090,2014-05-03T15:12:51Z,False,0,L3,2,0.0,0.0,6.0,2014-05-03,5,5 May
329,G,14091,2014-05-03T21:28:47Z,False,0,L3,2,0.0,0.0,6.0,2014-05-03,5,5 May
330,G,14092,2014-05-03T23:36:26Z,False,0,L2,1,0.0,0.0,6.0,2014-05-03,5,5 May
331,F,14093,2014-05-04T01:03:40Z,False,0,L1,0,0.0,0.0,6.0,2014-05-04,5,5 May
332,G,14094,2014-05-04T01:11:42Z,False,0,L1,0,0.0,0.0,6.0,2014-05-04,5,5 May
333,D,14095,2014-05-04T07:47:36Z,True,0,L1,0,23.0,0.0,6.0,2014-05-04,5,5 May
334,F,14096,2014-05-04T15:01:44Z,False,0,L3,2,0.0,0.0,6.0,2014-05-04,5,5 May
335,C,14097,2014-05-04T16:49:12Z,False,0,L4,3,0.0,0.0,1.0,2014-05-04,5,5 May
336,B,14098,2014-05-04T18:58:44Z,True,1,L4,3,20.0,19.0,5.0,2014-05-04,5,5 May
337,E,14099,2014-05-05T02:08:27Z,True,0,L1,0,17.0,0.0,4.0,2014-05-05,5,5 May
338,J,14100,2014-05-05T09:24:44Z,False,0,L5,4,0.0,0.0,6.0,2014-05-05,5,5 May
339,G,14101,2014-05-05T09:32:02Z,False,0,L1,0,0.0,0.0,6.0,2014-05-05,5,5 May
340,J,14102,2014-05-05T10:31:33Z,False,0,L4,3,0.0,0.0,6.0,2014-05-05,5,5 May
341,J,14103,2014-05-05T11:34:29Z,False,0,L1,0,0.0,0.0,6.0,2014-05-05,5,5 May
342,J,14104,2014-05-05T13:40:49Z,False,0,L5,4,0.0,0.0,6.0,2014-05-05,5,5 May
343,G,14105,2014-05-05T13:48:49Z,False,0,L1,0,0.0,0.0,6.0,2014-05-05,5,5 May
344,F,14106,2014-05-05T14:51:44Z,False,0,L1,0,0.0,0.0,6.0,2014-05-05,5,5 May
345,G,14107,2014-05-05T18:05:58Z,False,0,L1,0,0.0,0.0,6.0,2014-05-05,5,5 May
346,E,14108,2014-05-05T19:48:55Z,True,0,L2,1,18.0,0.0,4.0,2014-05-05,5,5 May
347,J,14109,2014-05-05T21:40:36Z,False,0,L1,0,0.0,0.0,6.0,2014-05-05,5,5 May
348,F,14110,2014-05-05T21:52:04Z,False,0,L5,4,0.0,0.0,6.0,2014-05-05,5,5 May
349,F,14111,2014-05-05T23:06:41Z,False,0,L2,1,0.0,0.0,6.0,2014-05-05,5,5 May
350,G,14112,2014-05-06T00:13:28Z,False,0,L4,3,0.0,0.0,6.0,2014-05-06,5,5 May
351,H,14113,2014-05-06T01:40:46Z,False,0,L4,3,0.0,0.0,0.0,2014-05-06,5,5 May
352,J,14114,2014-05-06T02:37:42Z,False,0,L1,0,0.0,0.0,6.0,2014-05-06,5,5 May
353,D,14115,2014-05-06T03:48:31Z,True,0,L1,0,24.0,0.0,6.0,2014-05-06,5,5 May
354,B,14116,2014-05-06T13:47:54Z,True,1,L3,2,21.0,20.0,5.0,2014-05-06,5,5 May
355,F,14117,2014-05-06T14:51:30Z,False,0,L4,3,0.0,0.0,6.0,2014-05-06,5,5 May
356,I,14118,2014-05-06T15:11:21Z,False,0,L3,2,0.0,0.0,6.0,2014-05-06,5,5 May
357,J,14119,2014-05-06T19:38:25Z,False,0,L2,1,0.0,0.0,6.0,2014-05-06,5,5 May
358,G,14120,2014-05-06T19:52:23Z,False,0,L4,3,0.0,0.0,6.0,2014-05-06,5,5 May
359,I,14121,2014-05-06T20:26:12Z,False,0,L4,3,0.0,0.0,6.0,2014-05-06,5,5 May
360,F,14122,2014-05-06T21:46:22Z,False,0,L4,3,0.0,0.0,6.0,2014-05-06,5,5 May
361,J,14123,2014-05-06T22:07:50Z,False,0,L3,2,0.0,0.0,6.0,2014-05-06,5,5 May
362,E,14124,2014-05-06T22:37:10Z,True,0,L1,0,19.0,0.0,5.0,2014-05-06,5,5 May
363,B,14125,2014-05-06T22:41:52Z,True,1,L6,5,22.0,21.0,5.0,2014-05-06,5,5 May
364,G,14126,2014-05-06T22:57:31Z,False,0,L3,2,0.0,0.0,6.0,2014-05-06,5,5 May
365,H,14127,2014-05-06T23:39:33Z,False,0,L4,3,0.0,0.0,1.0,2014-05-06,5,5 May
366,F,14128,2014-05-07T00:16:08Z,False,0,L3,2,0.0,0.0,6.0,2014-05-07,5,5 May
367,H,14129,2014-05-07T01:18:39Z,False,0,L2,1,0.0,0.0,1.0,2014-05-07,5,5 May
368,G,14130,2014-05-07T01:38:57Z,False,0,L1,0,0.0,0.0,6.0,2014-05-07,5,5 May
369,D,14131,2014-05-07T03:51:15Z,True,0,L1,0,25.0,0.0,6.0,2014-05-07,5,5 May
370,J,14132,2014-05-07T12:28:47Z,False,0,L1,0,0.0,0.0,6.0,2014-05-07,5,5 May
371,J,14133,2014-05-07T13:52:27Z,False,0,L1,0,0.0,0.0,6.0,2014-05-07,5,5 May
372,I,14134,2014-05-07T15:25:41Z,False,0,L5,4,0.0,0.0,6.0,2014-05-07,5,5 May
373,H,14135,2014-05-07T17:25:35Z,False,0,L1,0,0.0,0.0,2.0,2014-05-07,5,5 May
374,H,14136,2014-05-07T17:47:08Z,False,0,L3,2,0.0,0.0,3.0,2014-05-07,5,5 May
375,G,14137,2014-05-07T19:41:59Z,False,0,L6,5,0.0,0.0,6.0,2014-05-07,5,5 May
376,J,14138,2014-05-07T21:32:55Z,False,0,L1,0,0.0,0.0,6.0,2014-05-07,5,5 May
377,G,14139,2014-05-07T21:38:48Z,False,0,L1,0,0.0,0.0,6.0,2014-05-07,5,5 May
378,J,14140,2014-05-07T22:45:24Z,False,0,L1,0,0.0,0.0,6.0,2014-05-07,5,5 May
379,H,14141,2014-05-07T22:45:57Z,False,0,L5,4,0.0,0.0,4.0,2014-05-07,5,5 May
380,G,14142,2014-05-08T02:07:43Z,False,0,L4,3,0.0,0.0,6.0,2014-05-08,5,5 May
381,G,14143,2014-05-08T13:54:19Z,False,0,L4,3,0.0,0.0,6.0,2014-05-08,5,5 May
382,F,14144,2014-05-08T14:52:57Z,False,0,L1,0,0.0,0.0,6.0,2014-05-08,5,5 May
383,I,14145,2014-05-08T15:23:37Z,False,0,L1,0,0.0,0.0,6.0,2014-05-08,5,5 May
384,J,14146,2014-05-08T17:22:04Z,False,0,L4,3,0.0,0.0,6.0,2014-05-08,5,5 May
385,F,14147,2014-05-08T19:02:46Z,False,0,L5,4,0.0,0.0,6.0,2014-05-08,5,5 May
386,E,14148,2014-05-08T19:20:14Z,True,0,L1,0,20.0,0.0,5.0,2014-05-08,5,5 May
387,J,14149,2014-05-08T20:53:09Z,False,0,L6,5,0.0,0.0,6.0,2014-05-08,5,5 May
388,G,14150,2014-05-08T21:05:20Z,False,0,L1,0,0.0,0.0,6.0,2014-05-08,5,5 May
389,I,14151,2014-05-08T21:16:27Z,False,0,L1,0,0.0,0.0,6.0,2014-05-08,5,5 May
390,F,14152,2014-05-08T21:41:21Z,False,0,L2,1,0.0,0.0,6.0,2014-05-08,5,5 May
391,F,14153,2014-05-08T23:23:19Z,False,0,L4,3,0.0,0.0,6.0,2014-05-08,5,5 May
392,G,14154,2014-05-08T23:46:42Z,False,0,L3,2,0.0,0.0,6.0,2014-05-08,5,5 May
393,I,14155,2014-05-09T00:55:42Z,False,0,L1,0,0.0,0.0,6.0,2014-05-09,5,5 May
394,B,14156,2014-05-09T01:11:54Z,True,1,L3,2,23.0,22.0,6.0,2014-05-09,5,5 May
395,F,14157,2014-05-09T01:38:43Z,False,0,L4,3,0.0,0.0,6.0,2014-05-09,5,5 May
396,H,14158,2014-05-09T01:40:21Z,False,0,L6,5,0.0,0.0,5.0,2014-05-09,5,5 May
397,G,14159,2014-05-09T01:47:27Z,False,0,L2,1,0.0,0.0,6.0,2014-05-09,5,5 May
398,D,14160,2014-05-09T08:00:11Z,True,0,L4,3,26.0,0.0,6.0,2014-05-09,5,5 May
399,J,14161,2014-05-09T12:26:28Z,False,0,L1,0,0.0,0.0,6.0,2014-05-09,5,5 May
400,G,14162,2014-05-09T12:28:16Z,False,0,L1,0,0.0,0.0,6.0,2014-05-09,5,5 May
401,J,14163,2014-05-09T13:40:53Z,False,0,L4,3,0.0,0.0,6.0,2014-05-09,5,5 May
402,F,14164,2014-05-09T14:54:30Z,False,0,L3,2,0.0,0.0,6.0,2014-05-09,5,5 May
403,I,14165,2014-05-09T15:08:11Z,False,0,L4,3,0.0,0.0,6.0,2014-05-09,5,5 May
404,G,14166,2014-05-09T15:31:05Z,False,0,L2,1,0.0,0.0,6.0,2014-05-09,5,5 May
405,B,14167,2014-05-09T16:27:35Z,True,1,L1,0,24.0,23.0,6.0,2014-05-09,5,5 May
406,H,14168,2014-05-09T18:50:32Z,False,0,L6,5,0.0,0.0,6.0,2014-05-09,5,5 May
407,F,14169,2014-05-09T21:47:04Z,False,0,L1,0,0.0,0.0,6.0,2014-05-09,5,5 May
408,G,14170,2014-05-09T22:08:01Z,False,0,L1,0,0.0,0.0,6.0,2014-05-09,5,5 May
409,F,14171,2014-05-09T23:13:20Z,False,0,L1,0,0.0,0.0,6.0,2014-05-09,5,5 May
410,J,14172,2014-05-09T23:14:36Z,False,0,L1,0,0.0,0.0,6.0,2014-05-09,5,5 May
411,G,14173,2014-05-10T00:41:21Z,False,0,L4,3,0.0,0.0,6.0,2014-05-10,5,5 May
412,H,14174,2014-05-10T01:48:32Z,False,0,L1,0,0.0,0.0,6.0,2014-05-10,5,5 May
413,G,14175,2014-05-10T02:52:28Z,False,0,L3,2,0.0,0.0,6.0,2014-05-10,5,5 May
414,E,14176,2014-05-10T06:50:49Z,True,0,L1,0,21.0,0.0,5.0,2014-05-10,5,5 May
415,D,14177,2014-05-10T07:47:42Z,True,0,L1,0,27.0,0.0,6.0,2014-05-10,5,5 May
416,F,14178,2014-05-10T15:20:08Z,False,0,L1,0,0.0,0.0,6.0,2014-05-10,5,5 May
417,I,14179,2014-05-10T15:56:40Z,False,0,L5,4,0.0,0.0,6.0,2014-05-10,5,5 May
418,G,14180,2014-05-10T20:44:21Z,False,0,L4,3,0.0,0.0,6.0,2014-05-10,5,5 May
419,F,14181,2014-05-10T21:05:33Z,False,0,L1,0,0.0,0.0,6.0,2014-05-10,5,5 May
420,J,14182,2014-05-10T21:27:26Z,False,0,L1,0,0.0,0.0,6.0,2014-05-10,5,5 May
421,H,14183,2014-05-10T22:52:54Z,False,0,L4,3,0.0,0.0,6.0,2014-05-10,5,5 May
422,F,14184,2014-05-10T23:05:14Z,False,0,L6,5,0.0,0.0,6.0,2014-05-10,5,5 May
423,F,14185,2014-05-11T01:39:53Z,False,0,L5,4,0.0,0.0,6.0,2014-05-11,5,5 May
424,H,14186,2014-05-11T01:51:07Z,False,0,L4,3,0.0,0.0,6.0,2014-05-11,5,5 May
425,I,14187,2014-05-11T18:06:00Z,False,0,L1,0,0.0,0.0,6.0,2014-05-11,5,5 May
426,E,14188,2014-05-11T22:19:31Z,True,0,L4,3,22.0,0.0,5.0,2014-05-11,5,5 May
427,F,14189,2014-05-12T15:02:26Z,False,0,L1,0,0.0,0.0,6.0,2014-05-12,5,5 May
428,I,14190,2014-05-12T15:16:57Z,False,0,L3,2,0.0,0.0,6.0,2014-05-12,5,5 May
429,G,14191,2014-05-12T17:22:01Z,False,0,L4,3,0.0,0.0,6.0,2014-05-12,5,5 May
430,H,14192,2014-05-12T18:46:19Z,False,0,L4,3,0.0,0.0,6.0,2014-05-12,5,5 May
431,G,14193,2014-05-12T19:51:38Z,False,0,L4,3,0.0,0.0,6.0,2014-05-12,5,5 May
432,I,14194,2014-05-12T21:13:34Z,False,0,L4,3,0.0,0.0,6.0,2014-05-12,5,5 May
433,G,14195,2014-05-12T22:00:56Z,False,0,L1,0,0.0,0.0,6.0,2014-05-12,5,5 May
434,H,14196,2014-05-12T22:57:24Z,False,0,L2,1,0.0,0.0,6.0,2014-05-12,5,5 May
435,F,14197,2014-05-12T23:05:35Z,False,0,L1,0,0.0,0.0,6.0,2014-05-12,5,5 May
436,G,14198,2014-05-13T00:47:57Z,False,0,L4,3,0.0,0.0,6.0,2014-05-13,5,5 May
437,I,14199,2014-05-13T01:07:12Z,False,0,L1,0,0.0,0.0,6.0,2014-05-13,5,5 May
438,G,14200,2014-05-13T02:23:58Z,False,0,L1,0,0.0,0.0,6.0,2014-05-13,5,5 May
439,D,14201,2014-05-13T03:47:51Z,True,0,L4,3,28.0,0.0,6.0,2014-05-13,5,5 May
440,J,14202,2014-05-13T12:26:18Z,False,0,L3,2,0.0,0.0,6.0,2014-05-13,5,5 May
441,J,14203,2014-05-13T13:40:55Z,False,0,L2,1,0.0,0.0,6.0,2014-05-13,5,5 May
442,F,14204,2014-05-13T14:56:20Z,False,0,L1,0,0.0,0.0,6.0,2014-05-13,5,5 May
443,I,14205,2014-05-13T15:21:11Z,False,0,L5,4,0.0,0.0,6.0,2014-05-13,5,5 May
444,G,14206,2014-05-13T16:10:26Z,False,0,L1,0,0.0,0.0,6.0,2014-05-13,5,5 May
445,B,14207,2014-05-13T17:07:37Z,True,1,L4,3,25.0,24.0,6.0,2014-05-13,5,5 May
446,F,14208,2014-05-13T17:37:16Z,False,0,L1,0,0.0,0.0,6.0,2014-05-13,5,5 May
447,H,14209,2014-05-13T19:25:06Z,False,0,L5,4,0.0,0.0,6.0,2014-05-13,5,5 May
448,G,14210,2014-05-13T19:38:27Z,False,0,L3,2,0.0,0.0,6.0,2014-05-13,5,5 May
449,F,14211,2014-05-13T19:51:19Z,False,0,L1,0,0.0,0.0,6.0,2014-05-13,5,5 May
450,I,14212,2014-05-13T20:33:24Z,False,0,L4,3,0.0,0.0,6.0,2014-05-13,5,5 May
451,J,14213,2014-05-13T21:32:58Z,False,0,L1,0,0.0,0.0,6.0,2014-05-13,5,5 May
452,G,14214,2014-05-13T22:44:14Z,False,0,L3,2,0.0,0.0,6.0,2014-05-13,5,5 May
453,J,14215,2014-05-13T22:49:48Z,False,0,L3,2,0.0,0.0,6.0,2014-05-13,5,5 May
454,G,14216,2014-05-14T00:38:27Z,False,0,L4,3,0.0,0.0,6.0,2014-05-14,5,5 May
455,H,14217,2014-05-14T00:52:55Z,False,0,L1,0,0.0,0.0,6.0,2014-05-14,5,5 May
456,F,14218,2014-05-14T01:28:03Z,False,0,L1,0,0.0,0.0,6.0,2014-05-14,5,5 May
457,D,14219,2014-05-14T07:47:56Z,True,0,L3,2,29.0,0.0,6.0,2014-05-14,5,5 May
458,G,14220,2014-05-14T14:02:10Z,False,0,L2,1,0.0,0.0,6.0,2014-05-14,5,5 May
459,F,14221,2014-05-14T14:52:08Z,False,0,L5,4,0.0,0.0,6.0,2014-05-14,5,5 May
460,I,14222,2014-05-14T15:17:49Z,False,0,L1,0,0.0,0.0,6.0,2014-05-14,5,5 May
461,J,14223,2014-05-14T15:53:28Z,False,0,L1,0,0.0,0.0,6.0,2014-05-14,5,5 May
462,I,14224,2014-05-14T17:59:06Z,False,0,L5,4,0.0,0.0,6.0,2014-05-14,5,5 May
463,G,14225,2014-05-14T18:28:47Z,False,0,L1,0,0.0,0.0,6.0,2014-05-14,5,5 May
464,F,14226,2014-05-14T18:51:45Z,False,0,L1,0,0.0,0.0,6.0,2014-05-14,5,5 May
465,G,14227,2014-05-14T20:28:02Z,False,0,L3,2,0.0,0.0,6.0,2014-05-14,5,5 May
466,F,14228,2014-05-14T21:48:11Z,False,0,L1,0,0.0,0.0,6.0,2014-05-14,5,5 May
467,F,14229,2014-05-14T22:38:08Z,False,0,L1,0,0.0,0.0,6.0,2014-05-14,5,5 May
468,E,14230,2014-05-14T23:49:06Z,True,0,L1,0,23.0,0.0,5.0,2014-05-14,5,5 May
469,J,14231,2014-05-14T23:59:27Z,False,0,L2,1,0.0,0.0,6.0,2014-05-14,5,5 May
470,F,14232,2014-05-15T00:12:06Z,False,0,L1,0,0.0,0.0,6.0,2014-05-15,5,5 May
471,I,14233,2014-05-15T00:25:06Z,False,0,L1,0,0.0,0.0,6.0,2014-05-15,5,5 May
472,G,14234,2014-05-15T01:21:16Z,False,0,L2,1,0.0,0.0,6.0,2014-05-15,5,5 May
473,J,14235,2014-05-15T12:30:06Z,False,0,L2,1,0.0,0.0,6.0,2014-05-15,5,5 May
474,J,14236,2014-05-15T13:46:22Z,False,0,L4,3,0.0,0.0,6.0,2014-05-15,5,5 May
475,F,14237,2014-05-15T14:57:16Z,False,0,L4,3,0.0,0.0,6.0,2014-05-15,5,5 May
476,I,14238,2014-05-15T15:16:52Z,False,0,L4,3,0.0,0.0,6.0,2014-05-15,5,5 May
477,J,14239,2014-05-15T16:12:41Z,False,0,L2,1,0.0,0.0,6.0,2014-05-15,5,5 May
478,G,14240,2014-05-15T16:29:34Z,False,0,L1,0,0.0,0.0,6.0,2014-05-15,5,5 May
479,G,14241,2014-05-15T20:35:36Z,False,0,L5,4,0.0,0.0,6.0,2014-05-15,5,5 May
480,I,14242,2014-05-15T21:17:17Z,False,0,L1,0,0.0,0.0,6.0,2014-05-15,5,5 May
481,J,14243,2014-05-15T21:32:38Z,False,0,L4,3,0.0,0.0,6.0,2014-05-15,5,5 May
482,F,14244,2014-05-15T21:35:22Z,False,0,L5,4,0.0,0.0,6.0,2014-05-15,5,5 May
483,J,14245,2014-05-15T22:37:36Z,False,0,L1,0,0.0,0.0,6.0,2014-05-15,5,5 May
484,F,14246,2014-05-15T23:29:16Z,False,0,L2,1,0.0,0.0,6.0,2014-05-15,5,5 May
485,E,14247,2014-05-15T23:43:34Z,True,0,L4,3,24.0,0.0,5.0,2014-05-15,5,5 May
486,I,14248,2014-05-16T00:22:06Z,False,0,L2,1,0.0,0.0,6.0,2014-05-16,5,5 May
487,H,14249,2014-05-16T00:57:10Z,False,0,L1,0,0.0,0.0,6.0,2014-05-16,5,5 May
488,G,14250,2014-05-16T02:27:42Z,False,0,L1,0,0.0,0.0,6.0,2014-05-16,5,5 May
489,G,14251,2014-05-16T04:46:09Z,False,0,L1,0,0.0,0.0,6.0,2014-05-16,5,5 May
490,D,14252,2014-05-16T07:47:06Z,True,0,L6,5,30.0,0.0,6.0,2014-05-16,5,5 May
491,G,14253,2014-05-16T15:41:56Z,False,0,L4,3,0.0,0.0,6.0,2014-05-16,5,5 May
492,F,14254,2014-05-16T18:54:45Z,False,0,L5,4,0.0,0.0,6.0,2014-05-16,5,5 May
493,I,14255,2014-05-16T19:13:38Z,False,0,L4,3,0.0,0.0,6.0,2014-05-16,5,5 May
494,F,14256,2014-05-16T20:13:21Z,False,0,L4,3,0.0,0.0,6.0,2014-05-16,5,5 May
495,H,14257,2014-05-16T21:17:01Z,False,0,L1,0,0.0,0.0,6.0,2014-05-16,5,5 May
496,G,14258,2014-05-16T23:22:41Z,False,0,L5,4,0.0,0.0,6.0,2014-05-16,5,5 May
497,F,14259,2014-05-17T00:02:17Z,False,0,L1,0,0.0,0.0,6.0,2014-05-17,5,5 May
498,F,14260,2014-05-17T02:46:39Z,False,0,L1,0,0.0,0.0,6.0,2014-05-17,5,5 May
499,D,14261,2014-05-17T07:45:57Z,True,0,L1,0,31.0,0.0,6.0,2014-05-17,5,5 May
500,E,14262,2014-05-17T14:48:21Z,True,0,L1,0,25.0,0.0,5.0,2014-05-17,5,5 May
501,F,14263,2014-05-17T19:38:15Z,False,0,L1,0,0.0,0.0,6.0,2014-05-17,5,5 May
502,F,14264,2014-05-18T01:06:24Z,False,0,L4,3,0.0,0.0,6.0,2014-05-18,5,5 May
503,B,14265,2014-05-18T02:19:23Z,True,1,L5,4,26.0,25.0,6.0,2014-05-18,5,5 May
504,D,14266,2014-05-18T07:51:42Z,True,0,L1,0,32.0,0.0,6.0,2014-05-18,5,5 May
505,F,14267,2014-05-18T18:06:59Z,False,0,L2,1,0.0,0.0,6.0,2014-05-18,5,5 May
506,H,14268,2014-05-18T19:47:08Z,False,0,L4,3,0.0,0.0,6.0,2014-05-18,5,5 May
507,H,14269,2014-05-19T00:30:02Z,False,0,L1,0,0.0,0.0,6.0,2014-05-19,5,5 May
508,J,14270,2014-05-19T09:34:53Z,False,0,L2,1,0.0,0.0,6.0,2014-05-19,5,5 May
509,J,14271,2014-05-19T10:40:26Z,False,0,L1,0,0.0,0.0,6.0,2014-05-19,5,5 May
510,J,14272,2014-05-19T11:42:29Z,False,0,L1,0,0.0,0.0,6.0,2014-05-19,5,5 May
511,G,14273,2014-05-19T13:03:24Z,False,0,L5,4,0.0,0.0,6.0,2014-05-19,5,5 May
512,J,14274,2014-05-19T13:41:42Z,False,0,L1,0,0.0,0.0,6.0,2014-05-19,5,5 May
513,D,14275,2014-05-19T15:59:31Z,True,0,L1,0,33.0,0.0,6.0,2014-05-19,5,5 May
514,J,14276,2014-05-19T21:42:30Z,False,0,L4,3,0.0,0.0,6.0,2014-05-19,5,5 May
515,F,14277,2014-05-19T22:36:12Z,False,0,L1,0,0.0,0.0,6.0,2014-05-19,5,5 May
516,J,14278,2014-05-19T23:12:02Z,False,0,L1,0,0.0,0.0,6.0,2014-05-19,5,5 May
517,G,14279,2014-05-20T00:21:34Z,False,0,L1,0,0.0,0.0,6.0,2014-05-20,5,5 May
518,H,14280,2014-05-20T00:39:59Z,False,0,L1,0,0.0,0.0,6.0,2014-05-20,5,5 May
519,B,14281,2014-05-20T02:41:56Z,True,1,L4,3,27.0,26.0,6.0,2014-05-20,5,5 May
520,D,14282,2014-05-20T03:46:40Z,True,0,L5,4,34.0,0.0,6.0,2014-05-20,5,5 May
521,F,14283,2014-05-20T04:10:56Z,False,0,L2,1,0.0,0.0,6.0,2014-05-20,5,5 May
522,G,14284,2014-05-20T12:31:46Z,False,0,L5,4,0.0,0.0,6.0,2014-05-20,5,5 May
523,G,14285,2014-05-20T14:30:49Z,False,0,L1,0,0.0,0.0,6.0,2014-05-20,5,5 May
524,F,14286,2014-05-20T14:52:55Z,False,0,L3,2,0.0,0.0,6.0,2014-05-20,5,5 May
525,I,14287,2014-05-20T15:14:34Z,False,0,L3,2,0.0,0.0,6.0,2014-05-20,5,5 May
526,J,14288,2014-05-20T16:33:40Z,False,0,L1,0,0.0,0.0,6.0,2014-05-20,5,5 May
527,G,14289,2014-05-20T17:19:59Z,False,0,L2,1,0.0,0.0,6.0,2014-05-20,5,5 May
528,E,14290,2014-05-20T19:30:56Z,True,0,L4,3,26.0,0.0,5.0,2014-05-20,5,5 May
529,G,14291,2014-05-20T20:10:06Z,False,0,L1,0,0.0,0.0,6.0,2014-05-20,5,5 May
530,J,14292,2014-05-20T21:27:45Z,False,0,L5,4,0.0,0.0,6.0,2014-05-20,5,5 May
531,F,14293,2014-05-20T21:45:46Z,False,0,L1,0,0.0,0.0,6.0,2014-05-20,5,5 May
532,I,14294,2014-05-20T23:25:41Z,False,0,L5,4,0.0,0.0,6.0,2014-05-20,5,5 May
533,F,14295,2014-05-21T00:21:18Z,False,0,L3,2,0.0,0.0,6.0,2014-05-21,5,5 May
534,G,14296,2014-05-21T00:50:42Z,False,0,L4,3,0.0,0.0,6.0,2014-05-21,5,5 May
535,D,14297,2014-05-21T03:47:41Z,True,0,L1,0,35.0,0.0,6.0,2014-05-21,5,5 May
536,F,14298,2014-05-21T04:01:35Z,False,0,L1,0,0.0,0.0,6.0,2014-05-21,5,5 May
537,J,14299,2014-05-21T12:23:53Z,False,0,L4,3,0.0,0.0,6.0,2014-05-21,5,5 May
538,J,14300,2014-05-21T13:53:16Z,False,0,L4,3,0.0,0.0,6.0,2014-05-21,5,5 May
539,F,14301,2014-05-21T14:57:01Z,False,0,L1,0,0.0,0.0,6.0,2014-05-21,5,5 May
540,I,14302,2014-05-21T15:29:28Z,False,0,L3,2,0.0,0.0,6.0,2014-05-21,5,5 May
541,G,14303,2014-05-21T15:46:47Z,False,0,L6,5,0.0,0.0,6.0,2014-05-21,5,5 May
542,G,14304,2014-05-21T18:13:52Z,False,0,L4,3,0.0,0.0,6.0,2014-05-21,5,5 May
543,D,14305,2014-05-21T18:49:13Z,True,0,L1,0,36.0,0.0,6.0,2014-05-21,5,5 May
544,G,14306,2014-05-21T20:32:25Z,False,0,L4,3,0.0,0.0,6.0,2014-05-21,5,5 May
545,C,14307,2014-05-21T21:14:37Z,False,0,L5,4,0.0,0.0,1.0,2014-05-21,5,5 May
546,F,14308,2014-05-21T21:32:45Z,False,0,L3,2,0.0,0.0,6.0,2014-05-21,5,5 May
547,J,14309,2014-05-21T21:35:21Z,False,0,L1,0,0.0,0.0,6.0,2014-05-21,5,5 May
548,I,14310,2014-05-21T23:01:08Z,False,0,L1,0,0.0,0.0,6.0,2014-05-21,5,5 May
549,E,14311,2014-05-21T23:22:42Z,True,0,L1,0,27.0,0.0,5.0,2014-05-21,5,5 May
550,G,14312,2014-05-22T00:40:02Z,False,0,L2,1,0.0,0.0,6.0,2014-05-22,5,5 May
551,J,14313,2014-05-22T01:05:26Z,False,0,L1,0,0.0,0.0,6.0,2014-05-22,5,5 May
552,G,14314,2014-05-22T13:42:57Z,False,1,L3,2,0.0,0.0,6.0,2014-05-22,5,5 May
553,F,14315,2014-05-22T14:55:47Z,False,0,L1,0,0.0,0.0,6.0,2014-05-22,5,5 May
554,I,14316,2014-05-22T15:15:23Z,False,0,L1,0,0.0,0.0,6.0,2014-05-22,5,5 May
555,F,14317,2014-05-22T17:00:03Z,False,0,L1,0,0.0,0.0,6.0,2014-05-22,5,5 May
556,G,14318,2014-05-22T17:34:13Z,False,0,L2,1,0.0,1.0,6.0,2014-05-22,5,5 May
557,J,14319,2014-05-22T18:03:14Z,False,0,L1,0,0.0,0.0,6.0,2014-05-22,5,5 May
558,E,14320,2014-05-22T19:06:15Z,True,0,L2,1,28.0,0.0,5.0,2014-05-22,5,5 May
559,H,14321,2014-05-22T19:19:24Z,False,0,L5,4,0.0,0.0,6.0,2014-05-22,5,5 May
560,G,14322,2014-05-22T19:50:08Z,False,0,L5,4,0.0,1.0,6.0,2014-05-22,5,5 May
561,C,14323,2014-05-22T21:00:35Z,False,0,L1,0,0.0,0.0,2.0,2014-05-22,5,5 May
562,F,14324,2014-05-22T21:07:23Z,False,0,L1,0,0.0,0.0,6.0,2014-05-22,5,5 May
563,I,14325,2014-05-22T21:28:34Z,False,0,L1,0,0.0,0.0,6.0,2014-05-22,5,5 May
564,G,14326,2014-05-22T22:12:40Z,False,0,L1,0,0.0,1.0,6.0,2014-05-22,5,5 May
565,H,14327,2014-05-22T22:35:00Z,False,0,L1,0,0.0,0.0,6.0,2014-05-22,5,5 May
566,F,14328,2014-05-22T23:35:47Z,False,0,L3,2,0.0,0.0,6.0,2014-05-22,5,5 May
567,I,14329,2014-05-23T00:11:18Z,False,0,L1,0,0.0,0.0,6.0,2014-05-23,5,5 May
568,G,14330,2014-05-23T00:56:48Z,False,0,L4,3,0.0,1.0,6.0,2014-05-23,5,5 May
569,F,14331,2014-05-23T03:21:38Z,False,0,L5,4,0.0,0.0,6.0,2014-05-23,5,5 May
570,B,14332,2014-05-23T05:04:44Z,True,1,L3,2,28.0,27.0,6.0,2014-05-23,5,5 May
571,D,14333,2014-05-23T05:47:47Z,True,0,L1,0,37.0,0.0,6.0,2014-05-23,5,5 May
572,J,14334,2014-05-23T12:26:30Z,False,0,L6,5,0.0,0.0,6.0,2014-05-23,5,5 May
573,J,14335,2014-05-23T13:45:47Z,False,0,L1,0,0.0,0.0,6.0,2014-05-23,5,5 May
574,F,14336,2014-05-23T14:53:02Z,False,0,L1,0,0.0,0.0,6.0,2014-05-23,5,5 May
575,F,14337,2014-05-23T20:08:50Z,False,0,L3,2,0.0,0.0,6.0,2014-05-23,5,5 May
576,E,14338,2014-05-23T20:43:31Z,True,0,L1,0,29.0,0.0,5.0,2014-05-23,5,5 May
577,H,14339,2014-05-23T21:03:45Z,False,0,L1,0,0.0,0.0,6.0,2014-05-23,5,5 May
578,J,14340,2014-05-23T21:34:10Z,False,0,L3,2,0.0,0.0,6.0,2014-05-23,5,5 May
579,J,14341,2014-05-23T22:38:32Z,False,0,L4,3,0.0,0.0,6.0,2014-05-23,5,5 May
580,F,14342,2014-05-24T00:08:57Z,False,0,L1,0,0.0,0.0,6.0,2014-05-24,5,5 May
581,B,14343,2014-05-24T01:43:23Z,True,1,L2,1,29.0,28.0,6.0,2014-05-24,5,5 May
582,D,14344,2014-05-24T03:52:43Z,True,0,L3,2,38.0,0.0,6.0,2014-05-24,5,5 May
583,B,14345,2014-05-24T04:53:03Z,True,1,L3,2,30.0,29.0,6.0,2014-05-24,5,5 May
584,C,14346,2014-05-24T15:15:00Z,False,0,L1,0,0.0,0.0,3.0,2014-05-24,5,5 May
585,I,14347,2014-05-24T15:52:16Z,False,0,L4,3,0.0,0.0,6.0,2014-05-24,5,5 May
586,F,14348,2014-05-24T17:44:19Z,False,0,L6,5,0.0,0.0,6.0,2014-05-24,5,5 May
587,F,14349,2014-05-24T23:36:30Z,False,0,L6,5,0.0,0.0,6.0,2014-05-24,5,5 May
588,D,14350,2014-05-25T03:53:03Z,True,0,L4,3,39.0,0.0,6.0,2014-05-25,5,5 May
589,L,14351,2014-05-25T15:19:37Z,True,0,L3,2,1.0,0.0,1.0,2014-05-25,5,5 May
590,H,14352,2014-05-25T15:43:10Z,False,0,L1,0,0.0,0.0,6.0,2014-05-25,5,5 May
591,E,14353,2014-05-25T16:04:16Z,True,0,L5,4,30.0,0.0,5.0,2014-05-25,5,5 May
592,F,14354,2014-05-25T16:29:13Z,False,0,L4,3,0.0,0.0,6.0,2014-05-25,5,5 May
593,H,14355,2014-05-25T18:11:55Z,False,0,L6,5,0.0,0.0,6.0,2014-05-25,5,5 May
594,I,14356,2014-05-25T18:16:24Z,False,0,L5,4,0.0,0.0,6.0,2014-05-25,5,5 May
595,H,14357,2014-05-25T20:04:51Z,False,0,L4,3,0.0,0.0,6.0,2014-05-25,5,5 May
596,C,14358,2014-05-25T20:15:22Z,False,0,L4,3,0.0,0.0,3.0,2014-05-25,5,5 May
597,D,14359,2014-05-26T07:21:58Z,True,0,L1,0,40.0,0.0,6.0,2014-05-26,5,5 May
598,F,14360,2014-05-26T14:45:40Z,False,0,L1,0,0.0,0.0,6.0,2014-05-26,5,5 May
599,I,14361,2014-05-26T15:51:45Z,False,0,L4,3,0.0,0.0,6.0,2014-05-26,5,5 May
600,I,14362,2014-05-26T21:38:05Z,False,0,L4,3,0.0,0.0,6.0,2014-05-26,5,5 May
601,F,14363,2014-05-26T23:09:08Z,False,0,L1,0,0.0,0.0,6.0,2014-05-26,5,5 May
602,I,14364,2014-05-27T01:16:58Z,False,0,L5,4,0.0,0.0,6.0,2014-05-27,5,5 May
603,B,14365,2014-05-27T01:20:36Z,True,1,L1,0,31.0,30.0,6.0,2014-05-27,5,5 May
604,E,14366,2014-05-27T02:46:17Z,True,0,L4,3,31.0,0.0,6.0,2014-05-27,5,5 May
605,D,14367,2014-05-27T03:23:45Z,True,0,L4,3,41.0,0.0,6.0,2014-05-27,5,5 May
606,F,14368,2014-05-27T04:06:51Z,False,0,L5,4,0.0,0.0,6.0,2014-05-27,5,5 May
607,J,14369,2014-05-27T09:30:37Z,False,0,L1,0,0.0,0.0,6.0,2014-05-27,5,5 May
608,J,14370,2014-05-27T10:58:16Z,False,0,L4,3,0.0,0.0,6.0,2014-05-27,5,5 May
609,J,14371,2014-05-27T12:13:16Z,False,0,L4,3,0.0,0.0,6.0,2014-05-27,5,5 May
610,J,14372,2014-05-27T13:28:15Z,False,0,L4,3,0.0,0.0,6.0,2014-05-27,5,5 May
611,F,14373,2014-05-27T14:52:27Z,False,0,L4,3,0.0,0.0,6.0,2014-05-27,5,5 May
612,I,14374,2014-05-27T15:51:26Z,False,0,L3,2,0.0,0.0,6.0,2014-05-27,5,5 May
613,H,14375,2014-05-27T19:47:16Z,False,0,L1,0,0.0,0.0,6.0,2014-05-27,5,5 May
614,I,14376,2014-05-27T19:54:13Z,False,0,L5,4,0.0,0.0,6.0,2014-05-27,5,5 May
615,F,14377,2014-05-27T20:33:38Z,False,0,L2,1,0.0,0.0,6.0,2014-05-27,5,5 May
616,J,14378,2014-05-27T21:36:10Z,False,0,L1,0,0.0,0.0,6.0,2014-05-27,5,5 May
617,C,14379,2014-05-27T22:28:00Z,False,0,L1,0,0.0,0.0,3.0,2014-05-27,5,5 May
618,I,14380,2014-05-27T22:28:20Z,False,0,L4,3,0.0,0.0,6.0,2014-05-27,5,5 May
619,J,14381,2014-05-27T22:50:40Z,False,0,L1,0,0.0,0.0,6.0,2014-05-27,5,5 May
620,H,14382,2014-05-27T22:56:57Z,False,0,L4,3,0.0,0.0,6.0,2014-05-27,5,5 May
621,B,14383,2014-05-27T23:14:00Z,True,1,L4,3,32.0,31.0,6.0,2014-05-27,5,5 May
622,F,14384,2014-05-28T00:13:13Z,False,0,L1,0,0.0,0.0,6.0,2014-05-28,5,5 May
623,H,14385,2014-05-28T01:18:42Z,False,0,L3,2,0.0,0.0,6.0,2014-05-28,5,5 May
624,F,14386,2014-05-28T03:30:27Z,False,0,L1,0,0.0,0.0,6.0,2014-05-28,5,5 May
625,D,14387,2014-05-28T07:46:39Z,True,0,L3,2,42.0,0.0,6.0,2014-05-28,5,5 May
626,J,14388,2014-05-28T12:23:45Z,False,0,L1,0,0.0,0.0,6.0,2014-05-28,5,5 May
627,G,14389,2014-05-28T13:29:58Z,False,0,L4,3,0.0,1.0,6.0,2014-05-28,5,5 May
628,J,14390,2014-05-28T13:36:47Z,False,0,L3,2,0.0,0.0,6.0,2014-05-28,5,5 May
629,H,14391,2014-05-28T14:40:36Z,False,0,L4,3,0.0,0.0,6.0,2014-05-28,5,5 May
630,F,14392,2014-05-28T14:51:29Z,False,0,L1,0,0.0,0.0,6.0,2014-05-28,5,5 May
631,I,14393,2014-05-28T15:14:51Z,False,0,L1,0,0.0,0.0,6.0,2014-05-28,5,5 May
632,G,14394,2014-05-28T16:41:23Z,False,0,L1,0,0.0,1.0,6.0,2014-05-28,5,5 May
633,I,14395,2014-05-28T18:03:38Z,False,0,L1,0,0.0,0.0,6.0,2014-05-28,5,5 May
634,B,14396,2014-05-28T18:41:12Z,True,1,L4,3,33.0,32.0,6.0,2014-05-28,5,5 May
635,F,14397,2014-05-28T21:12:12Z,False,0,L3,2,0.0,0.0,6.0,2014-05-28,5,5 May
636,G,14398,2014-05-28T21:13:54Z,False,0,L1,0,0.0,1.0,6.0,2014-05-28,5,5 May
637,H,14399,2014-05-28T21:14:07Z,False,0,L4,3,0.0,0.0,6.0,2014-05-28,5,5 May
638,C,14400,2014-05-28T21:15:26Z,False,0,L5,4,0.0,0.0,3.0,2014-05-28,5,5 May
639,J,14401,2014-05-28T21:38:21Z,False,0,L3,2,0.0,0.0,6.0,2014-05-28,5,5 May
640,E,14402,2014-05-28T22:15:16Z,True,0,L1,0,32.0,0.0,6.0,2014-05-28,5,5 May
641,G,14403,2014-05-28T22:42:57Z,False,0,L1,0,0.0,1.0,6.0,2014-05-28,5,5 May
642,F,14404,2014-05-28T22:44:14Z,False,0,L4,3,0.0,0.0,6.0,2014-05-28,5,5 May
643,J,14405,2014-05-28T23:04:11Z,False,0,L5,4,0.0,0.0,6.0,2014-05-28,5,5 May
644,I,14406,2014-05-29T00:04:42Z,False,0,L4,3,0.0,0.0,6.0,2014-05-29,5,5 May
645,H,14407,2014-05-29T02:31:33Z,False,0,L3,2,0.0,0.0,6.0,2014-05-29,5,5 May
646,D,14408,2014-05-29T05:45:19Z,True,0,L4,3,43.0,0.0,6.0,2014-05-29,5,5 May
647,J,14409,2014-05-29T12:29:40Z,False,0,L1,0,0.0,0.0,6.0,2014-05-29,5,5 May
648,J,14410,2014-05-29T14:10:18Z,False,0,L6,5,0.0,0.0,6.0,2014-05-29,5,5 May
649,F,14411,2014-05-29T14:48:13Z,False,0,L2,1,0.0,0.0,6.0,2014-05-29,5,5 May
650,I,14412,2014-05-29T15:20:41Z,False,0,L1,0,0.0,0.0,6.0,2014-05-29,5,5 May
651,J,14413,2014-05-29T15:42:26Z,False,0,L2,1,0.0,0.0,6.0,2014-05-29,5,5 May
652,H,14414,2014-05-29T16:45:17Z,False,0,L2,1,0.0,0.0,6.0,2014-05-29,5,5 May
653,G,14415,2014-05-29T18:41:50Z,False,0,L3,2,0.0,1.0,6.0,2014-05-29,5,5 May
654,B,14416,2014-05-29T18:57:42Z,True,1,L4,3,34.0,33.0,6.0,2014-05-29,5,5 May
655,I,14417,2014-05-29T21:28:00Z,False,0,L4,3,0.0,0.0,6.0,2014-05-29,5,5 May
656,J,14418,2014-05-29T21:31:25Z,False,0,L1,0,0.0,0.0,6.0,2014-05-29,5,5 May
657,J,14419,2014-05-29T23:02:57Z,False,0,L1,0,0.0,0.0,6.0,2014-05-29,5,5 May
658,G,14420,2014-05-29T23:33:29Z,False,0,L4,3,0.0,1.0,6.0,2014-05-29,5,5 May
659,H,14421,2014-05-30T00:58:59Z,False,0,L1,0,0.0,0.0,6.0,2014-05-30,5,5 May
660,B,14422,2014-05-30T01:14:52Z,True,1,L5,4,35.0,34.0,6.0,2014-05-30,5,5 May
661,I,14423,2014-05-30T01:26:25Z,False,0,L2,1,0.0,0.0,6.0,2014-05-30,5,5 May
662,D,14424,2014-05-30T03:47:23Z,True,0,L1,0,44.0,0.0,6.0,2014-05-30,5,5 May
663,J,14425,2014-05-30T12:27:15Z,False,0,L5,4,0.0,0.0,6.0,2014-05-30,5,5 May
664,J,14426,2014-05-30T13:36:07Z,False,0,L1,0,0.0,0.0,6.0,2014-05-30,5,5 May
665,G,14427,2014-05-30T14:07:57Z,False,0,L5,4,0.0,1.0,6.0,2014-05-30,5,5 May
666,I,14428,2014-05-30T16:14:07Z,False,0,L4,3,0.0,0.0,6.0,2014-05-30,5,5 May
667,G,14429,2014-05-30T16:27:01Z,False,0,L4,3,0.0,1.0,6.0,2014-05-30,5,5 May
668,H,14430,2014-05-30T16:47:31Z,False,0,L5,4,0.0,0.0,6.0,2014-05-30,5,5 May
669,E,14431,2014-05-30T18:55:08Z,True,0,L1,0,33.0,0.0,6.0,2014-05-30,5,5 May
670,G,14432,2014-05-30T21:32:47Z,False,0,L4,3,0.0,1.0,6.0,2014-05-30,5,5 May
671,J,14433,2014-05-30T21:39:08Z,False,0,L5,4,0.0,0.0,6.0,2014-05-30,5,5 May
672,J,14434,2014-05-30T22:50:06Z,False,0,L1,0,0.0,0.0,6.0,2014-05-30,5,5 May
673,I,14435,2014-05-30T23:10:19Z,False,0,L1,0,0.0,0.0,6.0,2014-05-30,5,5 May
674,G,14436,2014-05-31T00:02:14Z,False,0,L1,0,0.0,1.0,6.0,2014-05-31,5,5 May
675,H,14437,2014-05-31T01:14:28Z,False,0,L1,0,0.0,0.0,6.0,2014-05-31,5,5 May
676,J,14438,2014-05-31T12:31:06Z,False,0,L1,0,0.0,0.0,6.0,2014-05-31,5,5 May
677,I,14439,2014-05-31T17:04:03Z,False,0,L1,0,0.0,0.0,6.0,2014-05-31,5,5 May
678,E,14440,2014-05-31T19:34:35Z,True,0,L1,0,34.0,0.0,6.0,2014-05-31,5,5 May
679,C,14441,2014-05-31T19:38:47Z,False,0,L1,0,0.0,0.0,3.0,2014-05-31,5,5 May
680,J,14442,2014-05-31T20:35:55Z,False,0,L4,3,0.0,0.0,6.0,2014-05-31,5,5 May
681,B,14443,2014-05-31T20:56:41Z,True,1,L2,1,36.0,35.0,6.0,2014-05-31,5,5 May
682,I,14444,2014-05-31T21:09:12Z,False,0,L3,2,0.0,0.0,6.0,2014-05-31,5,5 May
683,J,14445,2014-05-31T22:36:13Z,False,0,L2,1,0.0,0.0,6.0,2014-05-31,5,5 May
684,H,14446,2014-06-01T03:07:30Z,False,0,L1,0,0.0,0.0,6.0,2014-06-01,6,6 June
685,B,14447,2014-06-01T07:16:11Z,True,1,L5,4,37.0,36.0,6.0,2014-06-01,6,6 June
686,I,14448,2014-06-01T17:52:11Z,False,0,L1,0,0.0,0.0,6.0,2014-06-01,6,6 June
687,B,14449,2014-06-02T04:16:01Z,True,1,L1,0,38.0,37.0,6.0,2014-06-02,6,6 June
688,J,14450,2014-06-02T09:26:29Z,False,0,L3,2,0.0,0.0,6.0,2014-06-02,6,6 June
689,J,14451,2014-06-02T10:41:16Z,False,0,L4,3,0.0,0.0,6.0,2014-06-02,6,6 June
690,J,14452,2014-06-02T11:46:44Z,False,0,L3,2,0.0,0.0,6.0,2014-06-02,6,6 June
691,G,14453,2014-06-02T13:04:52Z,False,0,L1,0,0.0,1.0,6.0,2014-06-02,6,6 June
692,J,14454,2014-06-02T13:36:33Z,False,0,L2,1,0.0,0.0,6.0,2014-06-02,6,6 June
693,I,14455,2014-06-02T17:19:22Z,False,0,L5,4,0.0,0.0,6.0,2014-06-02,6,6 June
694,G,14456,2014-06-02T20:04:42Z,False,0,L1,0,0.0,1.0,6.0,2014-06-02,6,6 June
695,J,14457,2014-06-02T21:47:34Z,False,0,L3,2,0.0,0.0,6.0,2014-06-02,6,6 June
696,G,14458,2014-06-02T22:43:08Z,False,0,L4,3,0.0,1.0,6.0,2014-06-02,6,6 June
697,J,14459,2014-06-02T23:00:30Z,False,0,L2,1,0.0,0.0,6.0,2014-06-02,6,6 June
698,H,14460,2014-06-03T00:50:13Z,False,0,L2,1,0.0,0.0,6.0,2014-06-03,6,6 June
699,I,14461,2014-06-03T01:37:21Z,False,0,L4,3,0.0,0.0,6.0,2014-06-03,6,6 June
700,F,14462,2014-06-03T05:07:26Z,True,0,L5,4,0.0,0.0,6.0,2014-06-03,6,6 June
701,D,14463,2014-06-03T07:51:05Z,True,0,L4,3,45.0,0.0,6.0,2014-06-03,6,6 June
702,J,14464,2014-06-03T12:28:17Z,False,0,L1,0,0.0,0.0,6.0,2014-06-03,6,6 June
703,J,14465,2014-06-03T13:44:41Z,False,0,L3,2,0.0,0.0,6.0,2014-06-03,6,6 June
704,F,14466,2014-06-03T14:55:54Z,False,0,L5,4,1.0,0.0,6.0,2014-06-03,6,6 June
705,I,14467,2014-06-03T15:20:55Z,False,0,L3,2,0.0,0.0,6.0,2014-06-03,6,6 June
706,G,14468,2014-06-03T16:15:23Z,False,0,L1,0,0.0,1.0,6.0,2014-06-03,6,6 June
707,G,14469,2014-06-03T18:46:35Z,False,0,L1,0,0.0,1.0,6.0,2014-06-03,6,6 June
708,G,14470,2014-06-03T21:26:54Z,False,0,L1,0,0.0,1.0,6.0,2014-06-03,6,6 June
709,J,14471,2014-06-03T21:34:19Z,False,0,L4,3,0.0,0.0,6.0,2014-06-03,6,6 June
710,E,14472,2014-06-03T21:35:39Z,True,0,L2,1,35.0,0.0,6.0,2014-06-03,6,6 June
711,F,14473,2014-06-03T21:57:06Z,False,0,L2,1,1.0,0.0,6.0,2014-06-03,6,6 June
712,I,14474,2014-06-03T21:57:47Z,False,0,L1,0,0.0,0.0,6.0,2014-06-03,6,6 June
713,H,14475,2014-06-03T22:31:05Z,False,0,L3,2,0.0,0.0,6.0,2014-06-03,6,6 June
714,J,14476,2014-06-03T22:49:22Z,False,0,L5,4,0.0,0.0,6.0,2014-06-03,6,6 June
715,F,14477,2014-06-04T00:18:46Z,False,0,L3,2,1.0,0.0,6.0,2014-06-04,6,6 June
716,F,14478,2014-06-04T03:30:19Z,False,0,L1,0,1.0,0.0,6.0,2014-06-04,6,6 June
717,G,14479,2014-06-04T04:16:37Z,False,0,L1,0,0.0,1.0,6.0,2014-06-04,6,6 June
718,D,14480,2014-06-04T07:46:52Z,True,0,L1,0,46.0,0.0,6.0,2014-06-04,6,6 June
719,J,14481,2014-06-04T12:26:05Z,False,0,L3,2,0.0,0.0,6.0,2014-06-04,6,6 June
720,J,14482,2014-06-04T14:04:37Z,False,0,L1,0,0.0,0.0,6.0,2014-06-04,6,6 June
721,F,14483,2014-06-04T14:44:09Z,False,0,L3,2,1.0,0.0,6.0,2014-06-04,6,6 June
722,F,14484,2014-06-04T15:04:59Z,False,0,L1,0,1.0,0.0,6.0,2014-06-04,6,6 June
723,I,14485,2014-06-04T15:14:36Z,False,0,L1,0,0.0,0.0,6.0,2014-06-04,6,6 June
724,J,14486,2014-06-04T19:03:13Z,False,0,L1,0,0.0,0.0,6.0,2014-06-04,6,6 June
725,F,14487,2014-06-04T19:51:27Z,False,0,L5,4,1.0,0.0,6.0,2014-06-04,6,6 June
726,C,14488,2014-06-04T21:13:20Z,False,0,L1,0,0.0,0.0,3.0,2014-06-04,6,6 June
727,J,14489,2014-06-04T21:36:19Z,False,0,L4,3,0.0,0.0,6.0,2014-06-04,6,6 June
728,F,14490,2014-06-04T21:48:56Z,False,0,L4,3,1.0,0.0,6.0,2014-06-04,6,6 June
729,J,14491,2014-06-04T22:46:52Z,False,0,L4,3,0.0,0.0,6.0,2014-06-04,6,6 June
730,F,14492,2014-06-04T23:04:20Z,False,0,L4,3,1.0,0.0,6.0,2014-06-04,6,6 June
731,G,14493,2014-06-04T23:20:14Z,False,0,L2,1,0.0,1.0,6.0,2014-06-04,6,6 June
732,B,14494,2014-06-05T00:25:00Z,True,1,L6,5,39.0,38.0,6.0,2014-06-05,6,6 June
733,I,14495,2014-06-05T01:04:43Z,False,0,L2,1,0.0,0.0,6.0,2014-06-05,6,6 June
734,H,14496,2014-06-05T02:26:17Z,False,0,L1,0,0.0,0.0,6.0,2014-06-05,6,6 June
735,D,14497,2014-06-05T07:47:04Z,True,0,L4,3,47.0,0.0,6.0,2014-06-05,6,6 June
736,J,14498,2014-06-05T12:32:50Z,False,0,L1,0,0.0,0.0,6.0,2014-06-05,6,6 June
737,J,14499,2014-06-05T13:43:34Z,False,0,L3,2,0.0,0.0,6.0,2014-06-05,6,6 June
738,G,14500,2014-06-05T14:08:47Z,False,0,L3,2,0.0,1.0,6.0,2014-06-05,6,6 June
739,F,14501,2014-06-05T14:53:18Z,False,0,L2,1,1.0,0.0,6.0,2014-06-05,6,6 June
740,I,14502,2014-06-05T18:00:59Z,False,0,L2,1,0.0,0.0,6.0,2014-06-05,6,6 June
741,H,14503,2014-06-05T19:45:34Z,False,0,L4,3,0.0,0.0,6.0,2014-06-05,6,6 June
742,I,14504,2014-06-05T20:05:13Z,False,0,L4,3,0.0,0.0,6.0,2014-06-05,6,6 June
743,F,14505,2014-06-05T21:23:57Z,False,0,L2,1,1.0,0.0,6.0,2014-06-05,6,6 June
744,J,14506,2014-06-05T21:33:04Z,False,0,L2,1,0.0,0.0,6.0,2014-06-05,6,6 June
745,J,14507,2014-06-05T22:32:37Z,False,0,L4,3,0.0,0.0,6.0,2014-06-05,6,6 June
746,F,14508,2014-06-05T23:24:02Z,False,0,L1,0,1.0,0.0,6.0,2014-06-05,6,6 June
747,H,14509,2014-06-05T23:57:33Z,False,0,L5,4,0.0,0.0,6.0,2014-06-05,6,6 June
748,G,14510,2014-06-06T00:09:13Z,False,0,L2,1,0.0,1.0,6.0,2014-06-06,6,6 June
749,E,14511,2014-06-06T00:23:17Z,True,0,L1,0,36.0,0.0,6.0,2014-06-06,6,6 June
750,D,14512,2014-06-06T03:52:19Z,True,0,L1,0,48.0,0.0,6.0,2014-06-06,6,6 June
751,J,14513,2014-06-06T12:32:21Z,False,0,L1,0,0.0,0.0,6.0,2014-06-06,6,6 June
752,J,14514,2014-06-06T14:14:46Z,False,0,L1,0,0.0,0.0,6.0,2014-06-06,6,6 June
753,F,14515,2014-06-06T14:49:04Z,False,0,L1,0,1.0,0.0,6.0,2014-06-06,6,6 June
754,G,14516,2014-06-06T15:02:04Z,False,0,L1,0,0.0,1.0,6.0,2014-06-06,6,6 June
755,I,14517,2014-06-06T15:54:57Z,False,0,L1,0,0.0,0.0,6.0,2014-06-06,6,6 June
756,G,14518,2014-06-06T17:47:17Z,False,0,L4,3,0.0,1.0,6.0,2014-06-06,6,6 June
757,F,14519,2014-06-06T20:13:07Z,False,0,L1,0,1.0,0.0,6.0,2014-06-06,6,6 June
758,H,14520,2014-06-06T20:33:57Z,False,0,L6,5,0.0,0.0,6.0,2014-06-06,6,6 June
759,B,14521,2014-06-06T20:38:41Z,True,1,L2,1,40.0,39.0,6.0,2014-06-06,6,6 June
760,G,14522,2014-06-06T20:54:05Z,False,0,L6,5,0.0,1.0,6.0,2014-06-06,6,6 June
761,J,14523,2014-06-06T21:35:24Z,False,0,L3,2,0.0,0.0,6.0,2014-06-06,6,6 June
762,I,14524,2014-06-06T22:26:24Z,False,0,L1,0,0.0,0.0,6.0,2014-06-06,6,6 June
763,G,14525,2014-06-06T22:43:29Z,False,0,L1,0,0.0,1.0,6.0,2014-06-06,6,6 June
764,H,14526,2014-06-06T22:47:33Z,False,0,L3,2,0.0,0.0,6.0,2014-06-06,6,6 June
765,J,14527,2014-06-07T00:26:17Z,False,0,L3,2,0.0,0.0,6.0,2014-06-07,6,6 June
766,E,14528,2014-06-07T02:38:47Z,True,0,L2,1,37.0,0.0,6.0,2014-06-07,6,6 June
767,D,14529,2014-06-07T07:46:37Z,True,0,L4,3,49.0,0.0,6.0,2014-06-07,6,6 June
768,J,14530,2014-06-07T12:28:51Z,False,0,L4,3,0.0,0.0,6.0,2014-06-07,6,6 June
769,J,14531,2014-06-07T13:27:15Z,False,0,L4,3,0.0,0.0,6.0,2014-06-07,6,6 June
770,F,14532,2014-06-07T16:16:32Z,False,0,L4,3,1.0,0.0,6.0,2014-06-07,6,6 June
771,H,14533,2014-06-07T16:35:17Z,False,0,L1,0,0.0,0.0,6.0,2014-06-07,6,6 June
772,C,14534,2014-06-07T17:08:12Z,False,0,L1,0,0.0,0.0,3.0,2014-06-07,6,6 June
773,I,14535,2014-06-07T17:24:32Z,False,0,L1,0,0.0,0.0,6.0,2014-06-07,6,6 June
774,E,14536,2014-06-07T17:35:17Z,True,0,L3,2,38.0,0.0,6.0,2014-06-07,6,6 June
775,I,14537,2014-06-07T20:12:00Z,False,0,L1,0,0.0,0.0,6.0,2014-06-07,6,6 June
776,J,14538,2014-06-07T20:31:07Z,False,0,L2,1,0.0,0.0,6.0,2014-06-07,6,6 June
777,H,14539,2014-06-07T20:45:41Z,False,0,L2,1,0.0,0.0,6.0,2014-06-07,6,6 June
778,J,14540,2014-06-07T21:59:20Z,False,0,L3,2,0.0,0.0,6.0,2014-06-07,6,6 June
779,B,14541,2014-06-08T04:22:52Z,True,1,L2,1,41.0,40.0,6.0,2014-06-08,6,6 June
780,D,14542,2014-06-08T08:03:51Z,True,0,L3,2,50.0,0.0,6.0,2014-06-08,6,6 June
781,E,14543,2014-06-08T18:06:20Z,True,0,L3,2,39.0,0.0,6.0,2014-06-08,6,6 June
782,I,14544,2014-06-08T18:18:29Z,False,0,L1,0,0.0,0.0,6.0,2014-06-08,6,6 June
783,F,14545,2014-06-08T19:14:13Z,False,0,L1,0,1.0,0.0,6.0,2014-06-08,6,6 June
784,I,14546,2014-06-08T23:31:17Z,False,0,L3,2,0.0,0.0,6.0,2014-06-08,6,6 June
785,J,14547,2014-06-09T09:36:43Z,False,0,L1,0,0.0,0.0,6.0,2014-06-09,6,6 June
786,J,14548,2014-06-09T10:52:35Z,False,0,L1,0,0.0,0.0,6.0,2014-06-09,6,6 June
787,J,14549,2014-06-09T12:11:34Z,False,0,L3,2,0.0,0.0,6.0,2014-06-09,6,6 June
788,J,14550,2014-06-09T13:43:11Z,False,0,L1,0,0.0,0.0,6.0,2014-06-09,6,6 June
789,G,14551,2014-06-09T14:48:00Z,False,0,L1,0,0.0,1.0,6.0,2014-06-09,6,6 June
790,F,14552,2014-06-09T14:58:24Z,False,0,L2,1,1.0,0.0,6.0,2014-06-09,6,6 June
791,I,14553,2014-06-09T15:10:40Z,False,0,L1,0,0.0,0.0,6.0,2014-06-09,6,6 June
792,F,14554,2014-06-09T16:21:56Z,False,0,L3,2,1.0,0.0,6.0,2014-06-09,6,6 June
793,G,14555,2014-06-09T17:59:57Z,False,0,L1,0,0.0,1.0,6.0,2014-06-09,6,6 June
794,I,14556,2014-06-09T19:56:17Z,False,0,L4,3,0.0,0.0,6.0,2014-06-09,6,6 June
795,C,14557,2014-06-09T21:15:16Z,False,0,L1,0,0.0,0.0,3.0,2014-06-09,6,6 June
796,J,14558,2014-06-09T21:32:54Z,False,0,L1,0,0.0,0.0,6.0,2014-06-09,6,6 June
797,F,14559,2014-06-09T21:43:46Z,False,0,L1,0,1.0,0.0,6.0,2014-06-09,6,6 June
798,J,14560,2014-06-09T22:47:40Z,False,0,L5,4,0.0,0.0,6.0,2014-06-09,6,6 June
799,J,14561,2014-06-09T23:00:28Z,False,0,L1,0,0.0,0.0,6.0,2014-06-09,6,6 June
800,I,14562,2014-06-09T23:56:58Z,False,0,L2,1,0.0,0.0,6.0,2014-06-09,6,6 June
801,G,14563,2014-06-10T00:21:17Z,False,0,L2,1,0.0,1.0,6.0,2014-06-10,6,6 June
802,B,14564,2014-06-10T02:57:28Z,True,1,L1,0,42.0,41.0,6.0,2014-06-10,6,6 June
803,D,14565,2014-06-10T07:51:14Z,True,0,L4,3,51.0,0.0,6.0,2014-06-10,6,6 June
804,G,14566,2014-06-10T11:50:10Z,False,0,L4,3,0.0,1.0,6.0,2014-06-10,6,6 June
805,F,14567,2014-06-10T14:56:51Z,False,0,L1,0,1.0,0.0,6.0,2014-06-10,6,6 June
806,J,14568,2014-06-10T15:54:58Z,False,0,L4,3,0.0,0.0,6.0,2014-06-10,6,6 June
807,G,14569,2014-06-10T17:32:10Z,False,0,L1,0,0.0,1.0,6.0,2014-06-10,6,6 June
808,G,14570,2014-06-10T19:32:47Z,False,0,L1,0,0.0,1.0,6.0,2014-06-10,6,6 June
809,C,14571,2014-06-10T21:21:26Z,False,0,L4,3,0.0,0.0,3.0,2014-06-10,6,6 June
810,F,14572,2014-06-10T21:46:22Z,False,0,L1,0,1.0,0.0,6.0,2014-06-10,6,6 June
811,E,14573,2014-06-10T21:57:32Z,True,0,L2,1,40.0,0.0,6.0,2014-06-10,6,6 June
812,G,14574,2014-06-10T22:51:43Z,False,0,L4,3,0.0,1.0,6.0,2014-06-10,6,6 June
813,J,14575,2014-06-10T23:39:10Z,False,0,L3,2,0.0,0.0,6.0,2014-06-10,6,6 June
814,H,14576,2014-06-11T01:15:01Z,False,0,L3,2,0.0,0.0,6.0,2014-06-11,6,6 June
815,G,14577,2014-06-11T01:49:28Z,False,0,L3,2,0.0,1.0,6.0,2014-06-11,6,6 June
816,D,14578,2014-06-11T07:47:17Z,True,0,L2,1,52.0,0.0,6.0,2014-06-11,6,6 June
817,J,14579,2014-06-11T12:33:36Z,False,0,L1,0,0.0,0.0,6.0,2014-06-11,6,6 June
818,J,14580,2014-06-11T14:10:08Z,False,0,L1,0,0.0,0.0,6.0,2014-06-11,6,6 June
819,F,14581,2014-06-11T14:56:13Z,False,0,L4,3,1.0,0.0,6.0,2014-06-11,6,6 June
820,G,14582,2014-06-11T15:21:46Z,False,0,L1,0,0.0,1.0,6.0,2014-06-11,6,6 June
821,I,14583,2014-06-11T17:38:13Z,False,0,L3,2,0.0,0.0,6.0,2014-06-11,6,6 June
822,H,14584,2014-06-11T19:02:53Z,False,0,L1,0,0.0,0.0,6.0,2014-06-11,6,6 June
823,F,14585,2014-06-11T19:39:33Z,False,0,L1,0,1.0,0.0,6.0,2014-06-11,6,6 June
824,I,14586,2014-06-11T20:34:12Z,False,0,L1,0,0.0,0.0,6.0,2014-06-11,6,6 June
825,J,14587,2014-06-11T21:32:31Z,False,0,L6,5,0.0,0.0,6.0,2014-06-11,6,6 June
826,F,14588,2014-06-11T22:30:43Z,False,0,L1,0,1.0,0.0,6.0,2014-06-11,6,6 June
827,J,14589,2014-06-11T22:46:20Z,False,0,L1,0,0.0,0.0,6.0,2014-06-11,6,6 June
828,H,14590,2014-06-11T22:49:57Z,False,0,L1,0,0.0,0.0,6.0,2014-06-11,6,6 June
829,G,14591,2014-06-11T23:59:08Z,False,0,L1,0,0.0,1.0,6.0,2014-06-11,6,6 June
830,H,14592,2014-06-12T02:28:02Z,False,0,L1,0,0.0,0.0,6.0,2014-06-12,6,6 June
831,D,14593,2014-06-12T07:46:33Z,True,0,L1,0,53.0,0.0,6.0,2014-06-12,6,6 June
832,F,14594,2014-06-12T14:56:20Z,False,0,L1,0,1.0,0.0,6.0,2014-06-12,6,6 June
833,G,14595,2014-06-12T15:07:33Z,False,0,L1,0,0.0,1.0,6.0,2014-06-12,6,6 June
834,F,14596,2014-06-12T16:03:28Z,False,0,L4,3,1.0,0.0,6.0,2014-06-12,6,6 June
835,H,14597,2014-06-12T18:27:01Z,False,0,L3,2,0.0,0.0,6.0,2014-06-12,6,6 June
836,G,14598,2014-06-12T18:48:10Z,False,0,L1,0,0.0,1.0,6.0,2014-06-12,6,6 June
837,G,14599,2014-06-12T20:51:18Z,False,0,L3,2,0.0,1.0,6.0,2014-06-12,6,6 June
838,F,14600,2014-06-12T21:00:33Z,False,0,L2,1,1.0,0.0,6.0,2014-06-12,6,6 June
839,H,14601,2014-06-12T21:29:44Z,False,0,L1,0,0.0,0.0,6.0,2014-06-12,6,6 June
840,F,14602,2014-06-12T23:34:46Z,False,0,L5,4,1.0,0.0,6.0,2014-06-12,6,6 June
841,G,14603,2014-06-13T00:10:08Z,False,0,L5,4,0.0,1.0,6.0,2014-06-13,6,6 June
842,H,14604,2014-06-13T00:46:13Z,False,0,L1,0,0.0,0.0,6.0,2014-06-13,6,6 June
843,I,14605,2014-06-13T01:07:45Z,False,0,L4,3,0.0,0.0,6.0,2014-06-13,6,6 June
844,E,14606,2014-06-13T02:29:26Z,True,0,L4,3,41.0,0.0,6.0,2014-06-13,6,6 June
845,I,14607,2014-06-13T03:59:15Z,False,0,L1,0,0.0,0.0,6.0,2014-06-13,6,6 June
846,D,14608,2014-06-13T05:53:05Z,True,0,L1,0,54.0,0.0,6.0,2014-06-13,6,6 June
847,J,14609,2014-06-13T12:28:21Z,False,0,L1,0,0.0,0.0,6.0,2014-06-13,6,6 June
848,J,14610,2014-06-13T13:52:42Z,False,0,L5,4,0.0,0.0,6.0,2014-06-13,6,6 June
849,F,14611,2014-06-13T14:49:26Z,False,0,L1,0,1.0,0.0,6.0,2014-06-13,6,6 June
850,H,14612,2014-06-13T16:29:42Z,False,0,L4,3,0.0,0.0,6.0,2014-06-13,6,6 June
851,F,14613,2014-06-13T17:33:38Z,False,0,L5,4,1.0,0.0,6.0,2014-06-13,6,6 June
852,I,14614,2014-06-13T17:40:35Z,False,0,L1,0,0.0,0.0,6.0,2014-06-13,6,6 June
853,E,14615,2014-06-13T19:47:53Z,True,0,L4,3,42.0,0.0,6.0,2014-06-13,6,6 June
854,G,14616,2014-06-13T20:47:27Z,False,0,L3,2,0.0,1.0,6.0,2014-06-13,6,6 June
855,J,14617,2014-06-13T21:31:30Z,False,0,L1,0,0.0,0.0,6.0,2014-06-13,6,6 June
856,C,14618,2014-06-13T22:30:21Z,False,0,L4,3,0.0,0.0,3.0,2014-06-13,6,6 June
857,J,14619,2014-06-13T22:37:36Z,False,0,L2,1,0.0,0.0,6.0,2014-06-13,6,6 June
858,G,14620,2014-06-14T00:30:32Z,False,0,L4,3,0.0,1.0,6.0,2014-06-14,6,6 June
859,B,14621,2014-06-14T19:56:48Z,True,1,L2,1,43.0,42.0,6.0,2014-06-14,6,6 June
860,J,14622,2014-06-14T23:36:27Z,False,0,L6,5,0.0,0.0,6.0,2014-06-14,6,6 June
861,D,14623,2014-06-15T05:55:40Z,True,0,L3,2,55.0,0.0,6.0,2014-06-15,6,6 June
862,E,14624,2014-06-15T06:04:27Z,True,0,L1,0,43.0,0.0,6.0,2014-06-15,6,6 June
863,J,14625,2014-06-15T16:33:37Z,False,0,L1,0,0.0,0.0,6.0,2014-06-15,6,6 June
864,E,14626,2014-06-15T18:25:05Z,True,0,L1,0,44.0,0.0,6.0,2014-06-15,6,6 June
865,C,14627,2014-06-15T21:46:15Z,False,0,L5,4,0.0,0.0,3.0,2014-06-15,6,6 June
866,I,14628,2014-06-15T22:57:33Z,False,0,L1,0,0.0,0.0,6.0,2014-06-15,6,6 June
867,J,14629,2014-06-16T09:27:22Z,False,0,L1,0,0.0,0.0,6.0,2014-06-16,6,6 June
868,J,14630,2014-06-16T10:36:54Z,False,0,L4,3,0.0,0.0,6.0,2014-06-16,6,6 June
869,J,14631,2014-06-16T11:46:43Z,False,0,L1,0,0.0,0.0,6.0,2014-06-16,6,6 June
870,J,14632,2014-06-16T13:33:20Z,False,0,L5,4,0.0,0.0,6.0,2014-06-16,6,6 June
871,F,14633,2014-06-16T14:57:18Z,False,0,L2,1,1.0,0.0,6.0,2014-06-16,6,6 June
872,H,14634,2014-06-16T15:45:46Z,False,0,L1,0,0.0,0.0,6.0,2014-06-16,6,6 June
873,G,14635,2014-06-16T16:03:50Z,False,0,L5,4,0.0,1.0,6.0,2014-06-16,6,6 June
874,F,14636,2014-06-16T18:47:47Z,False,0,L1,0,1.0,0.0,6.0,2014-06-16,6,6 June
875,I,14637,2014-06-16T20:22:49Z,False,0,L3,2,0.0,0.0,6.0,2014-06-16,6,6 June
876,J,14638,2014-06-16T21:32:05Z,False,0,L1,0,0.0,0.0,6.0,2014-06-16,6,6 June
877,F,14639,2014-06-16T21:32:36Z,False,0,L4,3,1.0,0.0,6.0,2014-06-16,6,6 June
878,J,14640,2014-06-16T22:41:58Z,False,0,L2,1,0.0,0.0,6.0,2014-06-16,6,6 June
879,H,14641,2014-06-16T23:42:25Z,False,0,L4,3,0.0,0.0,6.0,2014-06-16,6,6 June
880,G,14642,2014-06-17T00:02:36Z,False,0,L2,1,0.0,1.0,6.0,2014-06-17,6,6 June
881,F,14643,2014-06-17T01:41:06Z,False,0,L3,2,1.0,0.0,6.0,2014-06-17,6,6 June
882,D,14644,2014-06-17T07:54:21Z,True,0,L3,2,56.0,0.0,6.0,2014-06-17,6,6 June
883,F,14645,2014-06-17T14:53:29Z,False,0,L5,4,1.0,0.0,6.0,2014-06-17,6,6 June
884,J,14646,2014-06-17T16:40:17Z,False,0,L2,1,0.0,0.0,6.0,2014-06-17,6,6 June
885,G,14647,2014-06-17T16:46:21Z,False,0,L1,0,0.0,1.0,6.0,2014-06-17,6,6 June
886,J,14648,2014-06-17T20:20:53Z,False,0,L1,0,0.0,0.0,6.0,2014-06-17,6,6 June
887,I,14649,2014-06-17T20:40:46Z,False,0,L1,0,0.0,0.0,6.0,2014-06-17,6,6 June
888,E,14650,2014-06-17T20:43:04Z,True,0,L5,4,45.0,0.0,6.0,2014-06-17,6,6 June
889,F,14651,2014-06-17T21:35:23Z,False,0,L5,4,1.0,0.0,6.0,2014-06-17,6,6 June
890,H,14652,2014-06-17T23:13:27Z,False,0,L1,0,0.0,0.0,6.0,2014-06-17,6,6 June
891,H,14653,2014-06-18T00:49:38Z,False,0,L4,3,0.0,0.0,6.0,2014-06-18,6,6 June
892,I,14654,2014-06-18T00:59:28Z,False,0,L3,2,0.0,0.0,6.0,2014-06-18,6,6 June
893,I,14655,2014-06-18T02:12:42Z,False,0,L1,0,0.0,0.0,6.0,2014-06-18,6,6 June
894,G,14656,2014-06-18T02:57:43Z,False,0,L1,0,0.0,1.0,6.0,2014-06-18,6,6 June
895,B,14657,2014-06-18T07:07:55Z,True,1,L2,1,44.0,43.0,6.0,2014-06-18,6,6 June
896,D,14658,2014-06-18T07:47:31Z,True,0,L1,0,57.0,0.0,6.0,2014-06-18,6,6 June
897,J,14659,2014-06-18T12:31:20Z,False,0,L1,0,0.0,0.0,6.0,2014-06-18,6,6 June
898,J,14660,2014-06-18T13:30:11Z,False,0,L3,2,0.0,0.0,6.0,2014-06-18,6,6 June
899,F,14661,2014-06-18T14:54:56Z,False,0,L3,2,1.0,0.0,6.0,2014-06-18,6,6 June
900,G,14662,2014-06-18T16:16:13Z,False,0,L1,0,0.0,1.0,6.0,2014-06-18,6,6 June
901,G,14663,2014-06-18T19:17:16Z,False,0,L1,0,0.0,1.0,6.0,2014-06-18,6,6 June
902,F,14664,2014-06-18T21:29:03Z,False,0,L1,0,1.0,0.0,6.0,2014-06-18,6,6 June
903,J,14665,2014-06-18T21:32:05Z,False,0,L1,0,0.0,0.0,6.0,2014-06-18,6,6 June
904,B,14666,2014-06-18T21:34:30Z,True,1,L4,3,45.0,44.0,6.0,2014-06-18,6,6 June
905,F,14667,2014-06-18T22:45:53Z,False,0,L2,1,1.0,0.0,6.0,2014-06-18,6,6 June
906,J,14668,2014-06-18T22:52:01Z,False,0,L1,0,0.0,0.0,6.0,2014-06-18,6,6 June
907,G,14669,2014-06-19T00:01:45Z,False,0,L1,0,0.0,1.0,6.0,2014-06-19,6,6 June
908,H,14670,2014-06-19T01:36:49Z,False,0,L4,3,0.0,0.0,6.0,2014-06-19,6,6 June
909,D,14671,2014-06-19T07:46:58Z,True,0,L1,0,58.0,0.0,6.0,2014-06-19,6,6 June
910,F,14672,2014-06-19T14:49:33Z,False,0,L1,0,1.0,0.0,6.0,2014-06-19,6,6 June
911,E,14673,2014-06-19T19:23:11Z,True,0,L1,0,46.0,0.0,6.0,2014-06-19,6,6 June
912,J,14674,2014-06-19T19:56:36Z,False,0,L2,1,0.0,0.0,6.0,2014-06-19,6,6 June
913,G,14675,2014-06-19T21:30:21Z,False,0,L2,1,0.0,1.0,6.0,2014-06-19,6,6 June
914,G,14676,2014-06-20T00:05:15Z,False,0,L5,4,0.0,1.0,6.0,2014-06-20,6,6 June
915,H,14677,2014-06-20T02:19:05Z,False,0,L5,4,0.0,0.0,6.0,2014-06-20,6,6 June
916,B,14678,2014-06-20T04:36:13Z,True,1,L6,5,46.0,45.0,6.0,2014-06-20,6,6 June
917,J,14679,2014-06-20T12:21:39Z,False,0,L4,3,0.0,0.0,6.0,2014-06-20,6,6 June
918,J,14680,2014-06-20T14:01:27Z,False,0,L1,0,0.0,0.0,6.0,2014-06-20,6,6 June
919,G,14681,2014-06-20T14:41:43Z,False,0,L1,0,0.0,1.0,6.0,2014-06-20,6,6 June
920,D,14682,2014-06-20T15:05:15Z,True,0,L5,4,59.0,0.0,6.0,2014-06-20,6,6 June
921,I,14683,2014-06-20T18:26:35Z,False,0,L6,5,0.0,0.0,6.0,2014-06-20,6,6 June
922,F,14684,2014-06-20T18:53:25Z,False,0,L6,5,1.0,0.0,6.0,2014-06-20,6,6 June
923,M,14685,2014-06-20T18:54:24Z,True,1,L1,0,0.0,0.0,0.0,2014-06-20,6,6 June
924,E,14686,2014-06-20T20:39:56Z,True,0,L3,2,47.0,0.0,6.0,2014-06-20,6,6 June
925,J,14687,2014-06-20T21:26:19Z,False,0,L2,1,0.0,0.0,6.0,2014-06-20,6,6 June
926,G,14688,2014-06-20T22:00:53Z,False,0,L1,0,0.0,1.0,6.0,2014-06-20,6,6 June
927,B,14689,2014-06-20T22:44:21Z,True,1,L1,0,47.0,46.0,6.0,2014-06-20,6,6 June
928,F,14690,2014-06-21T00:56:02Z,False,0,L1,0,1.0,0.0,6.0,2014-06-21,6,6 June
929,J,14691,2014-06-21T01:25:56Z,False,0,L4,3,0.0,0.0,6.0,2014-06-21,6,6 June
930,F,14692,2014-06-21T15:46:36Z,False,0,L4,3,1.0,0.0,6.0,2014-06-21,6,6 June
931,H,14693,2014-06-21T21:07:13Z,False,0,L2,1,0.0,0.0,6.0,2014-06-21,6,6 June
932,B,14694,2014-06-22T03:12:47Z,True,1,L2,1,48.0,47.0,6.0,2014-06-22,6,6 June
933,F,14695,2014-06-22T16:23:43Z,False,0,L2,1,1.0,0.0,6.0,2014-06-22,6,6 June
934,H,14696,2014-06-22T18:36:31Z,False,0,L5,4,0.0,0.0,6.0,2014-06-22,6,6 June
935,E,14697,2014-06-22T19:00:49Z,True,0,L1,0,48.0,0.0,6.0,2014-06-22,6,6 June
936,B,14698,2014-06-23T02:58:27Z,True,1,L1,0,49.0,48.0,6.0,2014-06-23,6,6 June
937,J,14699,2014-06-23T09:36:50Z,False,0,L1,0,0.0,0.0,6.0,2014-06-23,6,6 June
938,J,14700,2014-06-23T10:46:37Z,False,0,L1,0,0.0,0.0,6.0,2014-06-23,6,6 June
939,J,14701,2014-06-23T11:47:50Z,False,0,L5,4,0.0,0.0,6.0,2014-06-23,6,6 June
940,J,14702,2014-06-23T13:57:00Z,False,0,L4,3,0.0,0.0,6.0,2014-06-23,6,6 June
941,F,14703,2014-06-23T14:21:20Z,False,0,L4,3,1.0,0.0,6.0,2014-06-23,6,6 June
942,G,14704,2014-06-23T17:53:19Z,False,0,L1,0,0.0,1.0,6.0,2014-06-23,6,6 June
943,F,14705,2014-06-23T18:13:05Z,False,0,L1,0,1.0,0.0,6.0,2014-06-23,6,6 June
944,I,14706,2014-06-23T18:38:06Z,False,0,L3,2,0.0,0.0,6.0,2014-06-23,6,6 June
945,J,14707,2014-06-23T21:32:18Z,False,0,L1,0,0.0,0.0,6.0,2014-06-23,6,6 June
946,H,14708,2014-06-23T21:50:03Z,False,0,L1,0,0.0,0.0,6.0,2014-06-23,6,6 June
947,G,14709,2014-06-23T22:24:51Z,False,0,L3,2,0.0,1.0,6.0,2014-06-23,6,6 June
948,J,14710,2014-06-23T22:45:17Z,False,0,L4,3,0.0,0.0,6.0,2014-06-23,6,6 June
949,F,14711,2014-06-24T01:22:02Z,False,0,L1,0,1.0,0.0,6.0,2014-06-24,6,6 June
950,I,14712,2014-06-24T02:35:54Z,False,0,L1,0,0.0,0.0,6.0,2014-06-24,6,6 June
951,H,14713,2014-06-24T02:50:52Z,False,0,L4,3,0.0,0.0,6.0,2014-06-24,6,6 June
952,F,14714,2014-06-24T15:09:13Z,False,0,L1,0,1.0,0.0,6.0,2014-06-24,6,6 June
953,L,14715,2014-06-24T15:11:20Z,True,0,L3,2,2.0,0.0,1.0,2014-06-24,6,6 June
954,I,14716,2014-06-24T17:08:02Z,False,0,L1,0,0.0,0.0,6.0,2014-06-24,6,6 June
955,J,14717,2014-06-24T17:23:18Z,False,0,L3,2,0.0,0.0,6.0,2014-06-24,6,6 June
956,F,14718,2014-06-24T19:50:32Z,False,0,L3,2,1.0,0.0,6.0,2014-06-24,6,6 June
957,H,14719,2014-06-24T19:54:27Z,False,0,L5,4,0.0,0.0,6.0,2014-06-24,6,6 June
958,E,14720,2014-06-24T22:17:57Z,True,0,L3,2,49.0,0.0,6.0,2014-06-24,6,6 June
959,G,14721,2014-06-24T23:15:53Z,False,0,L3,2,0.0,1.0,6.0,2014-06-24,6,6 June
960,I,14722,2014-06-24T23:19:38Z,False,0,L4,3,0.0,0.0,6.0,2014-06-24,6,6 June
961,H,14723,2014-06-24T23:34:10Z,False,0,L3,2,0.0,0.0,6.0,2014-06-24,6,6 June
962,D,14724,2014-06-25T05:50:09Z,True,0,L1,0,60.0,0.0,6.0,2014-06-25,6,6 June
963,J,14725,2014-06-25T14:15:40Z,False,0,L5,4,0.0,0.0,6.0,2014-06-25,6,6 June
964,G,14726,2014-06-25T16:13:19Z,False,0,L1,0,0.0,1.0,6.0,2014-06-25,6,6 June
965,F,14727,2014-06-25T16:37:20Z,False,0,L2,1,1.0,0.0,6.0,2014-06-25,6,6 June
966,I,14728,2014-06-25T18:33:58Z,False,0,L1,0,0.0,0.0,6.0,2014-06-25,6,6 June
967,G,14729,2014-06-25T19:09:18Z,False,0,L1,0,0.0,1.0,6.0,2014-06-25,6,6 June
968,E,14730,2014-06-25T21:28:56Z,True,0,L5,4,50.0,0.0,6.0,2014-06-25,6,6 June
969,G,14731,2014-06-25T21:42:38Z,False,0,L1,0,0.0,1.0,6.0,2014-06-25,6,6 June
970,F,14732,2014-06-26T02:14:54Z,False,0,L4,3,1.0,0.0,6.0,2014-06-26,6,6 June
971,H,14733,2014-06-26T02:25:28Z,False,0,L4,3,0.0,0.0,6.0,2014-06-26,6,6 June
972,B,14734,2014-06-26T07:15:05Z,True,1,L3,2,50.0,49.0,6.0,2014-06-26,6,6 June
973,J,14735,2014-06-26T12:32:52Z,False,0,L4,3,0.0,0.0,6.0,2014-06-26,6,6 June
974,J,14736,2014-06-26T13:28:13Z,False,0,L1,0,0.0,0.0,6.0,2014-06-26,6,6 June
975,H,14737,2014-06-26T15:52:42Z,False,0,L1,0,0.0,0.0,6.0,2014-06-26,6,6 June
976,F,14738,2014-06-26T16:15:49Z,False,0,L1,0,1.0,0.0,6.0,2014-06-26,6,6 June
977,G,14739,2014-06-26T19:35:32Z,False,0,L1,0,0.0,1.0,6.0,2014-06-26,6,6 June
978,C,14740,2014-06-26T20:57:30Z,False,0,L3,2,0.0,0.0,3.0,2014-06-26,6,6 June
979,F,14741,2014-06-26T21:29:57Z,False,0,L1,0,1.0,0.0,6.0,2014-06-26,6,6 June
980,J,14742,2014-06-26T21:32:08Z,False,0,L4,3,0.0,0.0,6.0,2014-06-26,6,6 June
981,H,14743,2014-06-26T22:02:19Z,False,0,L1,0,0.0,0.0,6.0,2014-06-26,6,6 June
982,E,14744,2014-06-26T22:16:01Z,True,0,L4,3,51.0,0.0,6.0,2014-06-26,6,6 June
983,J,14745,2014-06-26T22:36:14Z,False,0,L5,4,0.0,0.0,6.0,2014-06-26,6,6 June
984,F,14746,2014-06-27T02:05:39Z,False,0,L4,3,1.0,0.0,6.0,2014-06-27,6,6 June
985,D,14747,2014-06-27T05:49:18Z,True,0,L1,0,61.0,0.0,6.0,2014-06-27,6,6 June
986,J,14748,2014-06-27T12:28:58Z,False,0,L2,1,0.0,0.0,6.0,2014-06-27,6,6 June
987,J,14749,2014-06-27T13:39:40Z,False,0,L1,0,0.0,0.0,6.0,2014-06-27,6,6 June
988,E,14750,2014-06-27T15:20:19Z,True,0,L1,0,52.0,0.0,6.0,2014-06-27,6,6 June
989,C,14751,2014-06-27T17:53:19Z,False,0,L2,1,0.0,0.0,4.0,2014-06-27,6,6 June
990,A,14752,2014-06-27T21:34:30Z,True,0,L3,2,0.0,0.0,0.0,2014-06-27,6,6 June
991,J,14753,2014-06-27T21:36:05Z,False,0,L1,0,0.0,0.0,6.0,2014-06-27,6,6 June
992,G,14754,2014-06-27T21:49:54Z,False,0,L5,4,0.0,1.0,6.0,2014-06-27,6,6 June
993,C,14755,2014-06-27T21:54:20Z,False,0,L2,1,0.0,0.0,5.0,2014-06-27,6,6 June
994,J,14756,2014-06-27T22:40:14Z,False,0,L1,0,0.0,0.0,6.0,2014-06-27,6,6 June
995,I,14757,2014-06-27T23:07:48Z,False,0,L1,0,0.0,0.0,6.0,2014-06-27,6,6 June
996,I,14758,2014-06-28T02:18:24Z,False,0,L4,3,0.0,0.0,6.0,2014-06-28,6,6 June
997,H,14759,2014-06-28T04:49:46Z,False,0,L1,0,0.0,0.0,6.0,2014-06-28,6,6 June
998,D,14760,2014-06-28T05:49:25Z,True,0,L4,3,62.0,0.0,6.0,2014-06-28,6,6 June
999,G,14761,2014-06-28T07:04:35Z,False,0,L1,0,0.0,1.0,6.0,2014-06-28,6,6 June
1000,B,14762,2014-06-28T08:20:11Z,True,1,L5,4,51.0,50.0,6.0,2014-06-28,6,6 June
1001,I,14763,2014-06-28T18:37:10Z,False,0,L1,0,0.0,0.0,6.0,2014-06-28,6,6 June
1002,H,14764,2014-06-29T00:54:12Z,False,0,L5,4,0.0,0.0,6.0,2014-06-29,6,6 June
1003,D,14765,2014-06-29T05:48:05Z,True,0,L4,3,63.0,0.0,6.0,2014-06-29,6,6 June
1004,A,14766,2014-06-29T19:28:51Z,True,0,L4,3,1.0,0.0,1.0,2014-06-29,6,6 June
1005,E,14767,2014-06-29T23:38:13Z,True,0,L1,0,53.0,0.0,6.0,2014-06-29,6,6 June
1006,C,14768,2014-06-30T00:00:05Z,False,0,L4,3,0.0,0.0,5.0,2014-06-30,6,6 June
1007,D,14769,2014-06-30T03:46:29Z,True,0,L3,2,64.0,0.0,6.0,2014-06-30,6,6 June
1008,J,14770,2014-06-30T09:36:50Z,False,0,L1,0,0.0,0.0,6.0,2014-06-30,6,6 June
1009,J,14771,2014-06-30T10:44:35Z,False,0,L5,4,0.0,0.0,6.0,2014-06-30,6,6 June
1010,J,14772,2014-06-30T13:31:18Z,False,0,L4,3,0.0,0.0,6.0,2014-06-30,6,6 June
1011,G,14773,2014-06-30T19:56:11Z,False,0,L4,3,0.0,1.0,6.0,2014-06-30,6,6 June
1012,J,14774,2014-06-30T21:31:33Z,False,0,L1,0,0.0,0.0,6.0,2014-06-30,6,6 June
1013,C,14775,2014-06-30T21:56:38Z,False,0,L1,0,0.0,0.0,5.0,2014-06-30,6,6 June
1014,J,14776,2014-06-30T22:41:23Z,False,0,L1,0,0.0,0.0,6.0,2014-06-30,6,6 June
1015,D,14777,2014-07-01T05:46:29Z,True,0,L5,4,65.0,0.0,6.0,2014-07-01,7,7 July
1016,E,14778,2014-07-01T17:16:44Z,True,0,L1,0,53.0,0.0,6.0,2014-07-01,7,7 July
1017,G,14779,2014-07-01T18:57:01Z,False,0,L1,0,0.0,1.0,6.0,2014-07-01,7,7 July
1018,C,14780,2014-07-01T20:42:55Z,False,0,L5,4,0.0,0.0,5.0,2014-07-01,7,7 July
1019,J,14781,2014-07-01T22:45:27Z,False,0,L1,0,0.0,0.0,6.0,2014-07-01,7,7 July
1020,D,14782,2014-07-02T03:57:27Z,True,0,L2,1,65.0,0.0,6.0,2014-07-02,7,7 July
1021,H,14783,2014-07-02T04:02:36Z,False,0,L1,0,0.0,0.0,6.0,2014-07-02,7,7 July
1022,J,14784,2014-07-02T12:32:40Z,False,0,L1,0,0.0,0.0,6.0,2014-07-02,7,7 July
1023,J,14785,2014-07-02T14:08:12Z,False,0,L1,0,0.0,0.0,6.0,2014-07-02,7,7 July
1024,G,14786,2014-07-02T19:22:44Z,False,0,L1,0,0.0,1.0,6.0,2014-07-02,7,7 July
1025,E,14787,2014-07-02T21:03:42Z,True,0,L1,0,54.0,0.0,6.0,2014-07-02,7,7 July
1026,J,14788,2014-07-02T21:35:08Z,False,0,L4,3,0.0,0.0,6.0,2014-07-02,7,7 July
1027,J,14789,2014-07-02T22:42:28Z,False,0,L1,0,0.0,0.0,6.0,2014-07-02,7,7 July
1028,I,14790,2014-07-02T23:26:17Z,False,0,L6,5,0.0,0.0,6.0,2014-07-02,7,7 July
1029,J,14791,2014-07-03T01:04:55Z,False,0,L2,1,0.0,0.0,6.0,2014-07-03,7,7 July
1030,G,14792,2014-07-03T01:10:15Z,False,0,L6,5,0.0,1.0,6.0,2014-07-03,7,7 July
1031,D,14793,2014-07-03T03:49:09Z,True,0,L1,0,66.0,0.0,6.0,2014-07-03,7,7 July
1032,E,14794,2014-07-03T18:48:34Z,True,0,L1,0,53.0,0.0,6.0,2014-07-03,7,7 July
1033,G,14795,2014-07-03T23:56:53Z,False,0,L1,0,0.0,1.0,6.0,2014-07-03,7,7 July
1034,H,14796,2014-07-04T00:20:48Z,False,0,L1,0,0.0,0.0,6.0,2014-07-04,7,7 July
1035,C,14797,2014-07-04T03:32:55Z,False,0,L4,3,0.0,0.0,5.0,2014-07-04,7,7 July
1036,D,14798,2014-07-04T04:01:52Z,True,0,L2,1,67.0,0.0,6.0,2014-07-04,7,7 July
1037,J,14799,2014-07-04T15:18:35Z,False,0,L3,2,0.0,0.0,6.0,2014-07-04,7,7 July
1038,H,14800,2014-07-04T17:40:06Z,False,0,L4,3,0.0,0.0,6.0,2014-07-04,7,7 July
1039,H,14801,2014-07-04T23:25:57Z,False,0,L1,0,0.0,0.0,6.0,2014-07-04,7,7 July
1040,D,14802,2014-07-05T03:39:14Z,True,0,L2,1,67.0,0.0,6.0,2014-07-05,7,7 July
1041,J,14803,2014-07-05T09:35:00Z,False,0,L1,0,0.0,0.0,6.0,2014-07-05,7,7 July
1042,J,14804,2014-07-05T10:44:59Z,False,0,L1,0,0.0,0.0,6.0,2014-07-05,7,7 July
1043,J,14805,2014-07-05T11:43:15Z,False,0,L3,2,0.0,0.0,6.0,2014-07-05,7,7 July
1044,J,14806,2014-07-05T13:51:21Z,False,0,L3,2,0.0,0.0,6.0,2014-07-05,7,7 July
1045,E,14807,2014-07-05T14:28:47Z,True,0,L1,0,54.0,0.0,6.0,2014-07-05,7,7 July
1046,H,14808,2014-07-05T16:02:58Z,False,0,L4,3,0.0,0.0,6.0,2014-07-05,7,7 July
1047,J,14809,2014-07-05T20:29:52Z,False,0,L5,4,0.0,0.0,6.0,2014-07-05,7,7 July
1048,J,14810,2014-07-05T22:01:27Z,False,0,L7,6,0.0,0.0,6.0,2014-07-05,7,7 July
1049,H,14811,2014-07-06T00:40:43Z,False,0,L1,0,0.0,0.0,6.0,2014-07-06,7,7 July
1050,D,14812,2014-07-06T04:00:13Z,True,0,L5,4,68.0,0.0,6.0,2014-07-06,7,7 July
1051,D,14813,2014-07-07T03:48:31Z,True,0,L1,0,69.0,0.0,6.0,2014-07-07,7,7 July
1052,J,14814,2014-07-07T09:30:57Z,False,0,L1,0,0.0,0.0,7.0,2014-07-07,7,7 July
1053,J,14815,2014-07-07T10:33:53Z,False,0,L3,2,0.0,0.0,7.0,2014-07-07,7,7 July
1054,J,14816,2014-07-07T11:29:44Z,False,0,L1,0,0.0,0.0,7.0,2014-07-07,7,7 July
1055,J,14817,2014-07-07T13:33:08Z,False,0,L5,4,0.0,0.0,7.0,2014-07-07,7,7 July
1056,G,14818,2014-07-07T14:48:28Z,False,0,L3,2,0.0,1.0,6.0,2014-07-07,7,7 July
1057,H,14819,2014-07-07T19:42:19Z,False,0,L4,3,0.0,0.0,6.0,2014-07-07,7,7 July
1058,G,14820,2014-07-07T20:13:09Z,False,0,L1,0,0.0,1.0,6.0,2014-07-07,7,7 July
1059,E,14821,2014-07-07T21:13:03Z,True,0,L1,0,53.0,0.0,6.0,2014-07-07,7,7 July
1060,J,14822,2014-07-07T21:28:19Z,False,0,L1,0,0.0,0.0,7.0,2014-07-07,7,7 July
1061,C,14823,2014-07-07T22:01:54Z,False,0,L2,1,0.0,0.0,5.0,2014-07-07,7,7 July
1062,J,14824,2014-07-07T22:32:34Z,False,0,L1,0,0.0,0.0,7.0,2014-07-07,7,7 July
1063,G,14825,2014-07-08T00:04:07Z,False,0,L1,0,0.0,1.0,6.0,2014-07-08,7,7 July
1064,D,14826,2014-07-08T03:51:05Z,True,0,L1,0,69.0,0.0,6.0,2014-07-08,7,7 July
1065,J,14827,2014-07-08T13:52:35Z,False,0,L3,2,0.0,0.0,7.0,2014-07-08,7,7 July
1066,H,14828,2014-07-08T19:56:53Z,False,0,L2,1,0.0,0.0,6.0,2014-07-08,7,7 July
1067,E,14829,2014-07-08T20:33:36Z,True,0,L1,0,53.0,0.0,6.0,2014-07-08,7,7 July
1068,C,14830,2014-07-08T21:10:50Z,False,0,L1,0,0.0,0.0,5.0,2014-07-08,7,7 July
1069,J,14831,2014-07-08T22:16:19Z,False,0,L3,2,0.0,0.0,7.0,2014-07-08,7,7 July
1070,G,14832,2014-07-09T00:50:11Z,False,0,L4,3,0.0,1.0,6.0,2014-07-09,7,7 July
1071,G,14833,2014-07-09T03:00:36Z,False,0,L1,0,0.0,1.0,6.0,2014-07-09,7,7 July
1072,D,14834,2014-07-09T05:47:00Z,True,0,L4,3,69.0,0.0,6.0,2014-07-09,7,7 July
1073,J,14835,2014-07-09T12:31:44Z,False,0,L2,1,0.0,0.0,7.0,2014-07-09,7,7 July
1074,J,14836,2014-07-09T13:45:50Z,False,0,L1,0,0.0,0.0,7.0,2014-07-09,7,7 July
1075,H,14837,2014-07-09T18:35:30Z,False,0,L3,2,0.0,0.0,6.0,2014-07-09,7,7 July
1076,J,14838,2014-07-09T21:35:18Z,False,0,L2,1,0.0,0.0,7.0,2014-07-09,7,7 July
1077,G,14839,2014-07-09T21:52:23Z,False,0,L1,0,0.0,1.0,6.0,2014-07-09,7,7 July
1078,J,14840,2014-07-09T22:54:16Z,False,0,L1,0,0.0,0.0,7.0,2014-07-09,7,7 July
1079,E,14841,2014-07-09T22:54:27Z,True,0,L1,0,54.0,0.0,6.0,2014-07-09,7,7 July
1080,G,14842,2014-07-10T00:45:02Z,False,0,L4,3,0.0,1.0,6.0,2014-07-10,7,7 July
1081,D,14843,2014-07-10T04:53:35Z,True,0,L6,5,69.0,0.0,6.0,2014-07-10,7,7 July
1082,G,14844,2014-07-10T15:01:31Z,False,0,L1,0,0.0,1.0,6.0,2014-07-10,7,7 July
1083,H,14845,2014-07-10T16:21:23Z,False,0,L3,2,0.0,0.0,6.0,2014-07-10,7,7 July
1084,G,14846,2014-07-10T21:02:18Z,False,0,L3,2,0.0,1.0,6.0,2014-07-10,7,7 July
1085,I,14847,2014-07-10T23:30:02Z,False,0,L1,0,0.0,0.0,6.0,2014-07-10,7,7 July
1086,H,14848,2014-07-11T00:24:39Z,False,0,L2,1,0.0,0.0,6.0,2014-07-11,7,7 July
1087,J,14849,2014-07-11T12:33:04Z,False,0,L4,3,0.0,0.0,7.0,2014-07-11,7,7 July
1088,J,14850,2014-07-11T13:55:25Z,False,0,L3,2,0.0,0.0,7.0,2014-07-11,7,7 July
1089,G,14851,2014-07-11T18:43:12Z,False,0,L1,0,0.0,1.0,6.0,2014-07-11,7,7 July
1090,E,14852,2014-07-11T21:08:30Z,True,0,L2,1,53.0,0.0,6.0,2014-07-11,7,7 July
1091,J,14853,2014-07-11T21:23:31Z,False,0,L1,0,0.0,0.0,7.0,2014-07-11,7,7 July
1092,J,14854,2014-07-11T22:43:18Z,False,0,L5,4,0.0,0.0,7.0,2014-07-11,7,7 July
1093,H,14855,2014-07-11T23:10:02Z,False,0,L4,3,0.0,0.0,6.0,2014-07-11,7,7 July
1094,H,14856,2014-07-12T01:27:00Z,False,0,L1,0,0.0,0.0,6.0,2014-07-12,7,7 July
1095,D,14857,2014-07-12T05:56:05Z,True,0,L4,3,68.0,0.0,6.0,2014-07-12,7,7 July
1096,G,14858,2014-07-12T08:37:23Z,False,0,L4,3,0.0,1.0,6.0,2014-07-12,7,7 July
1097,C,14859,2014-07-12T15:50:10Z,False,0,L1,0,0.0,0.0,5.0,2014-07-12,7,7 July
1098,I,14860,2014-07-12T17:48:19Z,False,0,L2,1,0.0,0.0,6.0,2014-07-12,7,7 July
1099,H,14861,2014-07-12T18:27:42Z,False,0,L4,3,0.0,0.0,6.0,2014-07-12,7,7 July
1100,H,14862,2014-07-13T00:49:02Z,False,0,L1,0,0.0,0.0,6.0,2014-07-13,7,7 July
1101,J,14863,2014-07-13T04:07:41Z,False,0,L3,2,0.0,0.0,7.0,2014-07-13,7,7 July
1102,E,14864,2014-07-13T05:17:06Z,True,0,L3,2,53.0,0.0,5.0,2014-07-13,7,7 July
1103,H,14865,2014-07-13T22:18:32Z,False,0,L1,0,0.0,0.0,6.0,2014-07-13,7,7 July
1104,E,14866,2014-07-14T02:41:20Z,True,0,L4,3,54.0,0.0,5.0,2014-07-14,7,7 July
1105,D,14867,2014-07-14T03:52:09Z,True,0,L3,2,68.0,0.0,6.0,2014-07-14,7,7 July
1106,J,14868,2014-07-14T09:28:52Z,False,0,L5,4,0.0,0.0,7.0,2014-07-14,7,7 July
1107,J,14869,2014-07-14T10:37:13Z,False,0,L1,0,0.0,0.0,7.0,2014-07-14,7,7 July
1108,J,14870,2014-07-14T11:39:27Z,False,0,L5,4,0.0,0.0,7.0,2014-07-14,7,7 July
1109,J,14871,2014-07-14T13:27:06Z,False,0,L2,1,0.0,0.0,7.0,2014-07-14,7,7 July
1110,H,14872,2014-07-14T14:20:07Z,False,0,L3,2,0.0,0.0,6.0,2014-07-14,7,7 July
1111,G,14873,2014-07-14T14:46:28Z,False,1,L1,0,0.0,1.0,6.0,2014-07-14,7,7 July
1112,J,14874,2014-07-14T16:07:55Z,False,0,L2,1,0.0,0.0,7.0,2014-07-14,7,7 July
1113,H,14875,2014-07-14T19:29:42Z,False,0,L3,2,0.0,0.0,6.0,2014-07-14,7,7 July
1114,G,14876,2014-07-14T21:53:31Z,False,0,L1,0,0.0,2.0,6.0,2014-07-14,7,7 July
1115,G,14877,2014-07-14T23:34:41Z,False,0,L1,0,0.0,2.0,6.0,2014-07-14,7,7 July
1116,E,14878,2014-07-14T23:54:05Z,True,0,L5,4,55.0,0.0,5.0,2014-07-14,7,7 July
1117,H,14879,2014-07-15T01:09:47Z,False,0,L5,4,0.0,0.0,6.0,2014-07-15,7,7 July
1118,D,14880,2014-07-15T05:49:51Z,True,0,L1,0,68.0,0.0,6.0,2014-07-15,7,7 July
1119,C,14881,2014-07-15T20:51:52Z,False,0,L2,1,0.0,0.0,5.0,2014-07-15,7,7 July
1120,D,14882,2014-07-16T05:49:41Z,True,0,L3,2,68.0,0.0,6.0,2014-07-16,7,7 July
1121,G,14883,2014-07-16T06:45:08Z,False,0,L2,1,0.0,2.0,6.0,2014-07-16,7,7 July
1122,G,14884,2014-07-16T13:31:01Z,False,0,L4,3,0.0,2.0,6.0,2014-07-16,7,7 July
1123,H,14885,2014-07-16T19:34:23Z,False,0,L1,0,0.0,0.0,6.0,2014-07-16,7,7 July
1124,I,14886,2014-07-16T20:46:26Z,False,0,L5,4,0.0,0.0,6.0,2014-07-16,7,7 July
1125,C,14887,2014-07-16T21:15:16Z,False,0,L5,4,0.0,0.0,5.0,2014-07-16,7,7 July
1126,H,14888,2014-07-16T22:42:55Z,False,0,L4,3,0.0,0.0,6.0,2014-07-16,7,7 July
1127,E,14889,2014-07-16T22:53:43Z,True,0,L5,4,54.0,0.0,5.0,2014-07-16,7,7 July
1128,H,14890,2014-07-17T02:52:29Z,False,0,L1,0,0.0,0.0,6.0,2014-07-17,7,7 July
1129,G,14891,2014-07-17T03:15:07Z,False,0,L4,3,0.0,2.0,6.0,2014-07-17,7,7 July
1130,D,14892,2014-07-17T05:51:07Z,True,0,L1,0,68.0,0.0,6.0,2014-07-17,7,7 July
1131,E,14893,2014-07-17T19:58:36Z,True,0,L3,2,55.0,0.0,5.0,2014-07-17,7,7 July
1132,G,14894,2014-07-17T21:07:33Z,False,0,L3,2,0.0,2.0,6.0,2014-07-17,7,7 July
1133,I,14895,2014-07-17T22:52:56Z,False,0,L1,0,0.0,0.0,6.0,2014-07-17,7,7 July
1134,H,14896,2014-07-18T00:31:01Z,False,0,L4,3,0.0,0.0,6.0,2014-07-18,7,7 July
1135,I,14897,2014-07-18T04:59:45Z,False,0,L4,3,0.0,0.0,6.0,2014-07-18,7,7 July
1136,D,14898,2014-07-18T05:49:21Z,True,0,L1,0,69.0,0.0,6.0,2014-07-18,7,7 July
1137,G,14899,2014-07-18T05:58:23Z,False,0,L1,0,0.0,2.0,6.0,2014-07-18,7,7 July
1138,G,14900,2014-07-18T14:50:06Z,False,0,L1,0,0.0,2.0,6.0,2014-07-18,7,7 July
1139,H,14901,2014-07-18T21:12:03Z,False,0,L4,3,0.0,0.0,6.0,2014-07-18,7,7 July
1140,I,14902,2014-07-18T21:33:16Z,False,0,L1,0,0.0,0.0,6.0,2014-07-18,7,7 July
1141,E,14903,2014-07-19T00:36:22Z,True,0,L2,1,56.0,0.0,5.0,2014-07-19,7,7 July
1142,H,14904,2014-07-19T01:29:35Z,False,0,L4,3,0.0,0.0,6.0,2014-07-19,7,7 July
1143,D,14905,2014-07-19T04:24:12Z,True,0,L3,2,69.0,0.0,6.0,2014-07-19,7,7 July
1144,G,14906,2014-07-19T06:40:53Z,False,0,L1,0,0.0,2.0,6.0,2014-07-19,7,7 July
1145,C,14907,2014-07-19T13:06:38Z,False,0,L1,0,0.0,0.0,5.0,2014-07-19,7,7 July
1146,G,14908,2014-07-19T14:42:07Z,False,0,L1,0,0.0,2.0,6.0,2014-07-19,7,7 July
1147,E,14909,2014-07-19T15:13:30Z,True,0,L1,0,57.0,0.0,5.0,2014-07-19,7,7 July
1148,I,14910,2014-07-19T15:22:45Z,False,0,L4,3,0.0,0.0,6.0,2014-07-19,7,7 July
1149,H,14911,2014-07-19T18:32:57Z,False,0,L1,0,0.0,0.0,6.0,2014-07-19,7,7 July
1150,H,14912,2014-07-20T17:13:46Z,False,0,L5,4,0.0,0.0,6.0,2014-07-20,7,7 July
1151,H,14913,2014-07-20T21:15:14Z,False,0,L1,0,0.0,0.0,6.0,2014-07-20,7,7 July
1152,I,14914,2014-07-20T22:46:34Z,False,0,L6,5,0.0,0.0,6.0,2014-07-20,7,7 July
1153,J,14915,2014-07-21T00:25:18Z,False,0,L5,4,0.0,0.0,7.0,2014-07-21,7,7 July
1154,H,14916,2014-07-21T00:38:07Z,False,0,L4,3,0.0,0.0,6.0,2014-07-21,7,7 July
1155,D,14917,2014-07-21T04:23:06Z,True,0,L2,1,69.0,0.0,6.0,2014-07-21,7,7 July
1156,J,14918,2014-07-21T09:30:41Z,False,0,L4,3,0.0,0.0,7.0,2014-07-21,7,7 July
1157,J,14919,2014-07-21T10:32:06Z,False,0,L4,3,0.0,0.0,7.0,2014-07-21,7,7 July
1158,J,14920,2014-07-21T11:32:25Z,False,0,L5,4,0.0,0.0,7.0,2014-07-21,7,7 July
1159,J,14921,2014-07-21T13:32:30Z,False,0,L1,0,0.0,0.0,7.0,2014-07-21,7,7 July
1160,H,14922,2014-07-21T18:28:12Z,False,0,L4,3,0.0,0.0,6.0,2014-07-21,7,7 July
1161,E,14923,2014-07-21T21:07:18Z,True,0,L4,3,57.0,0.0,5.0,2014-07-21,7,7 July
1162,J,14924,2014-07-21T21:32:20Z,False,0,L1,0,0.0,0.0,7.0,2014-07-21,7,7 July
1163,J,14925,2014-07-21T22:40:12Z,False,0,L4,3,0.0,0.0,7.0,2014-07-21,7,7 July
1164,H,14926,2014-07-22T01:33:58Z,False,0,L1,0,0.0,0.0,6.0,2014-07-22,7,7 July
1165,G,14927,2014-07-22T05:25:11Z,False,0,L1,0,0.0,2.0,6.0,2014-07-22,7,7 July
1166,D,14928,2014-07-22T05:56:17Z,True,0,L1,0,69.0,0.0,6.0,2014-07-22,7,7 July
1167,G,14929,2014-07-22T06:16:11Z,False,0,L1,0,0.0,2.0,6.0,2014-07-22,7,7 July
1168,G,14930,2014-07-22T15:31:28Z,False,0,L3,2,0.0,2.0,6.0,2014-07-22,7,7 July
1169,G,14931,2014-07-22T16:53:51Z,False,0,L4,3,0.0,2.0,6.0,2014-07-22,7,7 July
1170,I,14932,2014-07-22T21:59:19Z,False,0,L1,0,0.0,0.0,6.0,2014-07-22,7,7 July
1171,G,14933,2014-07-22T23:43:03Z,False,0,L3,2,0.0,2.0,6.0,2014-07-22,7,7 July
1172,D,14934,2014-07-23T05:48:19Z,True,0,L5,4,70.0,0.0,6.0,2014-07-23,7,7 July
1173,J,14935,2014-07-23T12:26:01Z,False,0,L2,1,0.0,0.0,7.0,2014-07-23,7,7 July
1174,J,14936,2014-07-23T13:52:45Z,False,0,L1,0,0.0,0.0,7.0,2014-07-23,7,7 July
1175,I,14937,2014-07-23T16:29:48Z,False,0,L1,0,0.0,0.0,6.0,2014-07-23,7,7 July
1176,H,14938,2014-07-23T20:11:01Z,False,0,L4,3,0.0,0.0,6.0,2014-07-23,7,7 July
1177,J,14939,2014-07-23T21:37:05Z,False,0,L6,5,0.0,0.0,7.0,2014-07-23,7,7 July
1178,H,14940,2014-07-23T21:49:28Z,False,0,L4,3,0.0,0.0,6.0,2014-07-23,7,7 July
1179,J,14941,2014-07-23T22:39:32Z,False,0,L6,5,0.0,0.0,7.0,2014-07-23,7,7 July
1180,H,14942,2014-07-23T23:46:41Z,False,0,L4,3,0.0,0.0,6.0,2014-07-23,7,7 July
1181,H,14943,2014-07-24T01:23:21Z,False,0,L1,0,0.0,0.0,6.0,2014-07-24,7,7 July
1182,E,14944,2014-07-24T02:04:11Z,True,0,L4,3,57.0,0.0,5.0,2014-07-24,7,7 July
1183,D,14945,2014-07-24T05:48:54Z,True,0,L1,0,70.0,0.0,6.0,2014-07-24,7,7 July
1184,E,14946,2014-07-24T22:33:07Z,True,0,L3,2,58.0,0.0,5.0,2014-07-24,7,7 July
1185,I,14947,2014-07-25T00:26:52Z,False,0,L5,4,0.0,0.0,6.0,2014-07-25,7,7 July
1186,J,14948,2014-07-25T00:31:42Z,False,0,L4,3,0.0,0.0,7.0,2014-07-25,7,7 July
1187,D,14949,2014-07-25T03:57:08Z,True,0,L4,3,70.0,0.0,6.0,2014-07-25,7,7 July
1188,I,14950,2014-07-25T04:41:18Z,False,0,L1,0,0.0,0.0,6.0,2014-07-25,7,7 July
1189,J,14951,2014-07-25T12:18:27Z,False,0,L2,1,0.0,0.0,7.0,2014-07-25,7,7 July
1190,J,14952,2014-07-25T13:58:32Z,False,0,L4,3,0.0,0.0,7.0,2014-07-25,7,7 July
1191,L,14953,2014-07-25T15:32:58Z,True,0,L3,2,2.0,0.0,1.0,2014-07-25,7,7 July
1192,E,14954,2014-07-25T18:53:38Z,True,0,L1,0,58.0,0.0,5.0,2014-07-25,7,7 July
1193,J,14955,2014-07-25T21:34:01Z,False,0,L1,0,0.0,0.0,7.0,2014-07-25,7,7 July
1194,J,14956,2014-07-25T22:42:12Z,False,0,L2,1,0.0,0.0,7.0,2014-07-25,7,7 July
1195,H,14957,2014-07-25T23:30:46Z,False,0,L3,2,0.0,0.0,6.0,2014-07-25,7,7 July
1196,H,14958,2014-07-26T02:54:38Z,False,0,L1,0,0.0,0.0,6.0,2014-07-26,7,7 July
1197,D,14959,2014-07-26T05:48:42Z,True,0,L1,0,70.0,0.0,6.0,2014-07-26,7,7 July
1198,H,14960,2014-07-26T16:13:51Z,False,0,L5,4,0.0,0.0,6.0,2014-07-26,7,7 July
1199,E,14961,2014-07-26T16:14:57Z,True,0,L4,3,59.0,0.0,5.0,2014-07-26,7,7 July
1200,H,14962,2014-07-26T20:49:15Z,False,0,L1,0,0.0,0.0,6.0,2014-07-26,7,7 July
1201,I,14963,2014-07-26T21:00:16Z,False,0,L4,3,0.0,0.0,6.0,2014-07-26,7,7 July
1202,J,14964,2014-07-26T22:45:39Z,False,0,L3,2,0.0,0.0,7.0,2014-07-26,7,7 July
1203,H,14965,2014-07-27T00:38:34Z,False,0,L1,0,0.0,0.0,6.0,2014-07-27,7,7 July
1204,H,14966,2014-07-27T02:14:22Z,False,0,L5,4,0.0,0.0,6.0,2014-07-27,7,7 July
1205,D,14967,2014-07-27T03:59:45Z,True,0,L2,1,70.0,0.0,6.0,2014-07-27,7,7 July
1206,E,14968,2014-07-27T13:18:20Z,True,0,L5,4,60.0,0.0,5.0,2014-07-27,7,7 July
1207,E,14969,2014-07-27T23:18:35Z,True,0,L4,3,61.0,0.0,5.0,2014-07-27,7,7 July
1208,J,14970,2014-07-28T09:40:08Z,False,0,L1,0,0.0,0.0,7.0,2014-07-28,7,7 July
1209,J,14971,2014-07-28T10:52:37Z,False,0,L3,2,0.0,0.0,7.0,2014-07-28,7,7 July
1210,J,14972,2014-07-28T11:43:29Z,False,0,L2,1,0.0,0.0,7.0,2014-07-28,7,7 July
1211,J,14973,2014-07-28T13:46:08Z,False,0,L6,5,0.0,0.0,7.0,2014-07-28,7,7 July
1212,H,14974,2014-07-28T19:36:15Z,False,0,L1,0,0.0,0.0,6.0,2014-07-28,7,7 July
1213,J,14975,2014-07-28T21:34:13Z,False,0,L1,0,0.0,0.0,7.0,2014-07-28,7,7 July
1214,J,14976,2014-07-28T22:46:33Z,False,0,L5,4,0.0,0.0,7.0,2014-07-28,7,7 July
1215,E,14977,2014-07-29T02:20:10Z,True,0,L4,3,60.0,0.0,5.0,2014-07-29,7,7 July
1216,D,14978,2014-07-29T03:57:01Z,True,0,L1,0,69.0,0.0,6.0,2014-07-29,7,7 July
1217,J,14979,2014-07-29T16:24:52Z,False,0,L1,0,0.0,0.0,7.0,2014-07-29,7,7 July
1218,I,14980,2014-07-29T17:58:33Z,False,0,L1,0,0.0,0.0,6.0,2014-07-29,7,7 July
1219,I,14981,2014-07-29T22:40:34Z,False,0,L5,4,0.0,0.0,6.0,2014-07-29,7,7 July
1220,E,14982,2014-07-29T23:55:20Z,True,0,L1,0,61.0,0.0,5.0,2014-07-29,7,7 July
1221,H,14983,2014-07-30T01:53:06Z,False,0,L3,2,0.0,0.0,6.0,2014-07-30,7,7 July
1222,D,14984,2014-07-30T07:49:45Z,True,0,L4,3,70.0,0.0,6.0,2014-07-30,7,7 July
1223,J,14985,2014-07-30T12:32:33Z,False,0,L1,0,0.0,0.0,7.0,2014-07-30,7,7 July
1224,J,14986,2014-07-30T13:45:19Z,False,0,L6,5,0.0,0.0,7.0,2014-07-30,7,7 July
1225,H,14987,2014-07-30T15:43:13Z,False,0,L5,4,0.0,0.0,6.0,2014-07-30,7,7 July
1226,I,14988,2014-07-30T17:03:13Z,False,0,L3,2,0.0,0.0,6.0,2014-07-30,7,7 July
1227,H,14989,2014-07-30T18:41:18Z,False,0,L1,0,0.0,0.0,6.0,2014-07-30,7,7 July
1228,J,14990,2014-07-30T19:09:35Z,False,0,L2,1,0.0,0.0,7.0,2014-07-30,7,7 July
1229,E,14991,2014-07-30T23:31:47Z,True,0,L4,3,62.0,0.0,5.0,2014-07-30,7,7 July
1230,H,14992,2014-07-30T23:49:11Z,False,0,L5,4,0.0,0.0,6.0,2014-07-30,7,7 July
1231,H,14993,2014-07-31T01:22:30Z,False,0,L1,0,0.0,0.0,6.0,2014-07-31,7,7 July
1232,G,14994,2014-07-31T05:00:46Z,False,0,L1,0,0.0,2.0,6.0,2014-07-31,7,7 July
1233,D,14995,2014-07-31T07:47:18Z,True,0,L3,2,70.0,0.0,6.0,2014-07-31,7,7 July
1234,H,14996,2014-07-31T16:32:53Z,False,0,L5,4,0.0,0.0,6.0,2014-07-31,7,7 July
1235,I,14997,2014-07-31T18:08:50Z,False,0,L4,3,0.0,0.0,6.0,2014-07-31,7,7 July
1236,C,14998,2014-07-31T22:17:36Z,False,0,L3,2,0.0,0.0,5.0,2014-07-31,7,7 July
1237,J,14999,2014-08-01T12:26:37Z,False,0,L4,3,0.0,0.0,7.0,2014-08-01,8,8 August
1238,J,15000,2014-08-01T13:39:49Z,False,0,L4,3,0.0,0.0,7.0,2014-08-01,8,8 August
1239,J,15001,2014-08-01T15:32:04Z,False,0,L1,0,0.0,0.0,7.0,2014-08-01,8,8 August
1240,I,15002,2014-08-01T17:26:47Z,False,0,L5,4,0.0,0.0,6.0,2014-08-01,8,8 August
1241,J,15003,2014-08-01T21:32:39Z,False,0,L1,0,0.0,0.0,7.0,2014-08-01,8,8 August
1242,I,15004,2014-08-01T21:45:57Z,False,0,L5,4,0.0,0.0,6.0,2014-08-01,8,8 August
1243,J,15005,2014-08-01T22:38:05Z,False,0,L2,1,0.0,0.0,7.0,2014-08-01,8,8 August
1244,H,15006,2014-08-01T23:47:30Z,False,0,L1,0,0.0,0.0,6.0,2014-08-01,8,8 August
1245,H,15007,2014-08-02T02:50:39Z,False,0,L5,4,0.0,0.0,6.0,2014-08-02,8,8 August
1246,E,15008,2014-08-02T04:26:48Z,True,0,L3,2,62.0,0.0,5.0,2014-08-02,8,8 August
1247,D,15009,2014-08-02T05:49:21Z,True,0,L5,4,69.0,0.0,6.0,2014-08-02,8,8 August
1248,J,15010,2014-08-02T16:04:03Z,False,0,L1,0,0.0,0.0,7.0,2014-08-02,8,8 August
1249,H,15011,2014-08-02T17:33:56Z,False,0,L3,2,0.0,0.0,6.0,2014-08-02,8,8 August
1250,J,15012,2014-08-02T17:37:26Z,False,0,L3,2,0.0,0.0,7.0,2014-08-02,8,8 August
1251,I,15013,2014-08-02T18:11:05Z,False,0,L3,2,0.0,0.0,6.0,2014-08-02,8,8 August
1252,J,15014,2014-08-02T21:16:45Z,False,0,L1,0,0.0,0.0,7.0,2014-08-02,8,8 August
1253,F,15015,2014-08-03T00:27:28Z,True,0,L1,0,1.0,0.0,6.0,2014-08-03,8,8 August
1254,I,15016,2014-08-03T01:44:46Z,False,0,L3,2,0.0,0.0,6.0,2014-08-03,8,8 August
1255,D,15017,2014-08-03T05:52:35Z,True,0,L1,0,69.0,0.0,6.0,2014-08-03,8,8 August
1256,A,15018,2014-08-03T15:36:08Z,True,0,L3,2,2.0,0.0,2.0,2014-08-03,8,8 August
1257,E,15019,2014-08-03T19:06:45Z,True,0,L1,0,63.0,0.0,5.0,2014-08-03,8,8 August
1258,H,15020,2014-08-03T20:40:40Z,False,0,L1,0,0.0,0.0,6.0,2014-08-03,8,8 August
1259,F,15021,2014-08-03T21:57:51Z,False,0,L2,1,2.0,0.0,6.0,2014-08-03,8,8 August
1260,D,15022,2014-08-04T03:19:38Z,True,0,L3,2,70.0,0.0,6.0,2014-08-04,8,8 August
1261,J,15023,2014-08-04T09:33:05Z,False,0,L3,2,0.0,0.0,7.0,2014-08-04,8,8 August
1262,J,15024,2014-08-04T10:28:14Z,False,0,L3,2,0.0,0.0,7.0,2014-08-04,8,8 August
1263,J,15025,2014-08-04T11:33:25Z,False,0,L1,0,0.0,0.0,7.0,2014-08-04,8,8 August
1264,J,15026,2014-08-04T14:34:34Z,False,0,L4,3,0.0,0.0,7.0,2014-08-04,8,8 August
1265,I,15027,2014-08-04T17:49:09Z,False,0,L4,3,0.0,0.0,6.0,2014-08-04,8,8 August
1266,J,15028,2014-08-04T21:30:32Z,False,0,L2,1,0.0,0.0,7.0,2014-08-04,8,8 August
1267,J,15029,2014-08-04T22:38:10Z,False,0,L4,3,0.0,0.0,7.0,2014-08-04,8,8 August
1268,H,15030,2014-08-05T01:52:26Z,False,0,L2,1,0.0,0.0,6.0,2014-08-05,8,8 August
1269,D,15031,2014-08-05T03:50:52Z,True,0,L1,0,70.0,0.0,6.0,2014-08-05,8,8 August
1270,J,15032,2014-08-05T12:31:37Z,False,0,L1,0,0.0,0.0,7.0,2014-08-05,8,8 August
1271,J,15033,2014-08-05T13:54:07Z,False,0,L3,2,0.0,0.0,7.0,2014-08-05,8,8 August
1272,F,15034,2014-08-05T14:05:55Z,False,0,L1,0,2.0,0.0,6.0,2014-08-05,8,8 August
1273,H,15035,2014-08-05T15:18:05Z,False,0,L4,3,0.0,0.0,6.0,2014-08-05,8,8 August
1274,J,15036,2014-08-05T16:50:35Z,False,0,L3,2,0.0,0.0,7.0,2014-08-05,8,8 August
1275,I,15037,2014-08-05T17:25:20Z,False,0,L3,2,0.0,0.0,6.0,2014-08-05,8,8 August
